TradingDay,ActionDay,ExchangeId,StockCode,StockName,UpdateTime,LastPrice,PreSettlePrice,SettlePrice,PreClosePrice,OpenPrice,LowPrice,HighPrice,ClosePrice,UpperLimitPrice,LowerLimitPrice,Volume,PreOpenInterest,TurnOver,OpenInterest,PreDelta,CurrDelta,UpdateMillisec,AveragePrice,SellPrice1,SellPrice2,SellPrice3,SellPrice4,SellPrice5,BuyPrice1,BuyPrice2,BuyPrice3,BuyPrice4,BuyPrice5,SellQuantity1,SellQuantity2,SellQuantity3,SellQuantity4,SellQuantity5,BuyQuantity1,BuyQuantity2,BuyQuantity3,BuyQuantity4,BuyQuantity5,
20240722,20240719,,cu2408,,23:08:19,76260000,76780000,0,76580000,76350000,76050000,76450000,0,82150000,71400000,22694,151982,8652907100000,148671,0,0,500,381286110,76260000,0,0,0,0,76250000,0,0,0,0,5,0,0,0,0,56,0,0,0,0,
20240722,20240719,,cu2408,,23:08:20,76260000,76780000,0,76580000,76350000,76050000,76450000,0,82150000,71400000,22694,151982,8652907100000,148671,0,0,0,381286110,76260000,0,0,0,0,76250000,0,0,0,0,9,0,0,0,0,56,0,0,0,0,
20240722,20240719,,cu2408,,23:08:20,76260000,76780000,0,76580000,76350000,76050000,76450000,0,82150000,71400000,22694,151982,8652907100000,148671,0,0,500,381286110,76260000,0,0,0,0,76250000,0,0,0,0,6,0,0,0,0,56,0,0,0,0,
20240722,20240719,,cu2408,,23:08:21,76260000,76780000,0,76580000,76350000,76050000,76450000,0,82150000,71400000,22694,151982,8652907100000,148671,0,0,0,381286110,76260000,0,0,0,0,76250000,0,0,0,0,6,0,0,0,0,56,0,0,0,0,
20240722,20240719,,cu2408,,23:08:21,76260000,76780000,0,76580000,76350000,76050000,76450000,0,82150000,71400000,22694,151982,8652907100000,148671,0,0,500,381286110,76260000,0,0,0,0,76250000,0,0,0,0,10,0,0,0,0,56,0,0,0,0,
20240722,20240719,,cu2408,,23:08:22,76260000,76780000,0,76580000,76350000,76050000,76450000,0,82150000,71400000,22694,151982,8652907100000,148671,0,0,0,381286110,76260000,0,0,0,0,76250000,0,0,0,0,6,0,0,0,0,56,0,0,0,0,
20240722,20240719,,cu2408,,23:08:22,76260000,76780000,0,76580000,76350000,76050000,76450000,0,82150000,71400000,22694,151982,8652907100000,148671,0,0,500,381286110,76260000,0,0,0,0,76250000,0,0,0,0,13,0,0,0,0,56,0,0,0,0,
20240722,20240719,,cu2408,,23:08:23,76250000,76780000,0,76580000,76350000,76050000,76450000,0,82150000,71400000,22702,151982,8655957100000,148663,0,0,0,381286100,76260000,0,0,0,0,76250000,0,0,0,0,13,0,0,0,0,48,0,0,0,0,
20240722,20240719,,cu2408,,23:08:23,76250000,76780000,0,76580000,76350000,76050000,76450000,0,82150000,71400000,22750,151982,8674257100000,148666,0,0,500,381286020,76260000,0,0,0,0,76240000,0,0,0,0,13,0,0,0,0,6,0,0,0,0,
20240722,20240719,,cu2408,,23:08:24,76250000,76780000,0,76580000,76350000,76050000,76450000,0,82150000,71400000,22751,151982,8674638350000,148666,0,0,0,381286020,76250000,0,0,0,0,76240000,0,0,0,0,8,0,0,0,0,5,0,0,0,0,
20240722,20240719,,cu2408,,23:08:24,76240000,76780000,0,76580000,76350000,76050000,76450000,0,82150000,71400000,22753,151982,8675400800000,148667,0,0,500,381286020,76250000,0,0,0,0,76240000,0,0,0,0,4,0,0,0,0,4,0,0,0,0,
20240722,20240719,,cu2408,,23:08:25,76240000,76780000,0,76580000,76350000,76050000,76450000,0,82150000,71400000,22753,151982,8675400800000,148667,0,0,0,381286020,76250000,0,0,0,0,76240000,0,0,0,0,4,0,0,0,0,2,0,0,0,0,
20240722,20240719,,cu2408,,23:08:25,76240000,76780000,0,76580000,76350000,76050000,76450000,0,82150000,71400000,22753,151982,8675400800000,148667,0,0,500,381286020,76250000,0,0,0,0,76240000,0,0,0,0,4,0,0,0,0,4,0,0,0,0,
20240722,20240719,,cu2408,,23:08:26,76240000,76780000,0,76580000,76350000,76050000,76450000,0,82150000,71400000,22753,151982,8675400800000,148667,0,0,0,381286020,76250000,0,0,0,0,76240000,0,0,0,0,3,0,0,0,0,4,0,0,0,0,
20240722,20240719,,cu2408,,23:08:26,76240000,76780000,0,76580000,76350000,76050000,76450000,0,82150000,71400000,22753,151982,8675400800000,148667,0,0,500,381286020,76250000,0,0,0,0,76240000,0,0,0,0,4,0,0,0,0,4,0,0,0,0,
20240722,20240719,,cu2408,,23:08:27,76240000,76780000,0,76580000,76350000,76050000,76450000,0,82150000,71400000,22753,151982,8675400800000,148667,0,0,0,381286020,76250000,0,0,0,0,76240000,0,0,0,0,4,0,0,0,0,4,0,0,0,0,
20240722,20240719,,cu2408,,23:08:28,76240000,76780000,0,76580000,76350000,76050000,76450000,0,82150000,71400000,22753,151982,8675400800000,148667,0,0,0,381286020,76250000,0,0,0,0,76240000,0,0,0,0,4,0,0,0,0,13,0,0,0,0,
20240722,20240719,,cu2408,,23:08:28,76250000,76780000,0,76580000,76350000,76050000,76450000,0,82150000,71400000,22757,151982,8676925800000,148664,0,0,500,381286010,76260000,0,0,0,0,76240000,0,0,0,0,14,0,0,0,0,13,0,0,0,0,
20240722,20240719,,cu2408,,23:08:29,76250000,76780000,0,76580000,76350000,76050000,76450000,0,82150000,71400000,22757,151982,8676925800000,148664,0,0,0,381286010,76260000,0,0,0,0,76240000,0,0,0,0,12,0,0,0,0,13,0,0,0,0,
20240722,20240719,,cu2408,,23:08:29,76250000,76780000,0,76580000,76350000,76050000,76450000,0,82150000,71400000,22757,151982,8676925800000,148664,0,0,500,381286010,76260000,0,0,0,0,76240000,0,0,0,0,12,0,0,0,0,10,0,0,0,0,
20240722,20240719,,cu2408,,23:08:30,76250000,76780000,0,76580000,76350000,76050000,76450000,0,82150000,71400000,22757,151982,8676925800000,148664,0,0,0,381286010,76260000,0,0,0,0,76240000,0,0,0,0,12,0,0,0,0,10,0,0,0,0,
20240722,20240719,,cu2408,,23:08:31,76250000,76780000,0,76580000,76350000,76050000,76450000,0,82150000,71400000,22757,151982,8676925800000,148664,0,0,500,381286010,76260000,0,0,0,0,76240000,0,0,0,0,13,0,0,0,0,10,0,0,0,0,
20240722,20240719,,cu2408,,23:08:32,76250000,76780000,0,76580000,76350000,76050000,76450000,0,82150000,71400000,22757,151982,8676925800000,148664,0,0,0,381286010,76260000,0,0,0,0,76240000,0,0,0,0,13,0,0,0,0,6,0,0,0,0,
20240722,20240719,,cu2408,,23:08:32,76250000,76780000,0,76580000,76350000,76050000,76450000,0,82150000,71400000,22757,151982,8676925800000,148664,0,0,500,381286010,76260000,0,0,0,0,76240000,0,0,0,0,13,0,0,0,0,4,0,0,0,0,
20240722,20240719,,cu2408,,23:08:33,76240000,76780000,0,76580000,76350000,76050000,76450000,0,82150000,71400000,22760,151982,8678069400000,148662,0,0,0,381286000,76260000,0,0,0,0,76240000,0,0,0,0,13,0,0,0,0,1,0,0,0,0,
20240722,20240719,,cu2408,,23:08:33,76240000,76780000,0,76580000,76350000,76050000,76450000,0,82150000,71400000,22760,151982,8678069400000,148662,0,0,500,381286000,76260000,0,0,0,0,76240000,0,0,0,0,13,0,0,0,0,2,0,0,0,0,
20240722,20240719,,cu2408,,23:08:34,76240000,76780000,0,76580000,76350000,76050000,76450000,0,82150000,71400000,22760,151982,8678069400000,148662,0,0,0,381286000,76260000,0,0,0,0,76240000,0,0,0,0,13,0,0,0,0,9,0,0,0,0,
20240722,20240719,,cu2408,,23:08:36,76240000,76780000,0,76580000,76350000,76050000,76450000,0,82150000,71400000,22761,151982,8678450600000,148662,0,0,0,381285990,76260000,0,0,0,0,76240000,0,0,0,0,13,0,0,0,0,8,0,0,0,0,
20240722,20240719,,cu2408,,23:08:36,76240000,76780000,0,76580000,76350000,76050000,76450000,0,82150000,71400000,22761,151982,8678450600000,148662,0,0,500,381285990,76250000,0,0,0,0,76240000,0,0,0,0,2,0,0,0,0,2,0,0,0,0,
20240722,20240719,,cu2408,,23:08:37,76250000,76780000,0,76580000,76350000,76050000,76450000,0,82150000,71400000,22765,151982,8679975600000,148664,0,0,0,381285990,76250000,0,0,0,0,76230000,0,0,0,0,5,0,0,0,0,16,0,0,0,0,
20240722,20240719,,cu2408,,23:08:37,76250000,76780000,0,76580000,76350000,76050000,76450000,0,82150000,71400000,22765,151982,8679975600000,148664,0,0,500,381285990,76250000,0,0,0,0,76230000,0,0,0,0,2,0,0,0,0,20,0,0,0,0,
20240722,20240719,,cu2408,,23:08:38,76250000,76780000,0,76580000,76350000,76050000,76450000,0,82150000,71400000,22765,151982,8679975600000,148664,0,0,0,381285990,76250000,0,0,0,0,76230000,0,0,0,0,2,0,0,0,0,42,0,0,0,0,
20240722,20240719,,cu2408,,23:08:38,76250000,76780000,0,76580000,76350000,76050000,76450000,0,82150000,71400000,22765,151982,8679975600000,148664,0,0,500,381285990,76250000,0,0,0,0,76230000,0,0,0,0,1,0,0,0,0,50,0,0,0,0,
20240722,20240719,,cu2408,,23:08:39,76250000,76780000,0,76580000,76350000,76050000,76450000,0,82150000,71400000,22765,151982,8679975600000,148664,0,0,0,381285990,76250000,0,0,0,0,76240000,0,0,0,0,1,0,0,0,0,2,0,0,0,0,
20240722,20240719,,cu2408,,23:08:39,76250000,76780000,0,76580000,76350000,76050000,76450000,0,82150000,71400000,22765,151982,8679975600000,148664,0,0,500,381285990,76260000,0,0,0,0,76240000,0,0,0,0,15,0,0,0,0,5,0,0,0,0,
20240722,20240719,,cu2408,,23:08:40,76250000,76780000,0,76580000,76350000,76050000,76450000,0,82150000,71400000,22765,151982,8679975600000,148664,0,0,500,381285990,76250000,0,0,0,0,76240000,0,0,0,0,11,0,0,0,0,5,0,0,0,0,
20240722,20240719,,cu2408,,23:08:41,76250000,76780000,0,76580000,76350000,76050000,76450000,0,82150000,71400000,22767,151982,8680738100000,148662,0,0,0,381285980,76250000,0,0,0,0,76230000,0,0,0,0,13,0,0,0,0,15,0,0,0,0,
20240722,20240719,,cu2408,,23:08:41,76250000,76780000,0,76580000,76350000,76050000,76450000,0,82150000,71400000,22767,151982,8680738100000,148662,0,0,500,381285980,76240000,0,0,0,0,76230000,0,0,0,0,7,0,0,0,0,15,0,0,0,0,
20240722,20240719,,cu2408,,23:08:42,76250000,76780000,0,76580000,76350000,76050000,76450000,0,82150000,71400000,22767,151982,8680738100000,148662,0,0,0,381285980,76240000,0,0,0,0,76230000,0,0,0,0,9,0,0,0,0,15,0,0,0,0,
20240722,20240719,,cu2408,,23:08:42,76250000,76780000,0,76580000,76350000,76050000,76450000,0,82150000,71400000,22767,151982,8680738100000,148662,0,0,500,381285980,76240000,0,0,0,0,76230000,0,0,0,0,5,0,0,0,0,15,0,0,0,0,
20240722,20240719,,cu2408,,23:08:43,76250000,76780000,0,76580000,76350000,76050000,76450000,0,82150000,71400000,22767,151982,8680738100000,148662,0,0,0,381285980,76240000,0,0,0,0,76230000,0,0,0,0,5,0,0,0,0,15,0,0,0,0,
20240722,20240719,,cu2408,,23:08:43,76250000,76780000,0,76580000,76350000,76050000,76450000,0,82150000,71400000,22767,151982,8680738100000,148662,0,0,500,381285980,76240000,0,0,0,0,76230000,0,0,0,0,3,0,0,0,0,15,0,0,0,0,
20240722,20240719,,cu2408,,23:08:46,76250000,76780000,0,76580000,76350000,76050000,76450000,0,82150000,71400000,22767,151982,8680738100000,148662,0,0,500,381285980,76240000,0,0,0,0,76230000,0,0,0,0,1,0,0,0,0,17,0,0,0,0,
20240722,20240719,,cu2408,,23:08:47,76250000,76780000,0,76580000,76350000,76050000,76450000,0,82150000,71400000,22767,151982,8680738100000,148662,0,0,0,381285980,76240000,0,0,0,0,76230000,0,0,0,0,1,0,0,0,0,17,0,0,0,0,
20240722,20240719,,cu2408,,23:08:47,76250000,76780000,0,76580000,76350000,76050000,76450000,0,82150000,71400000,22767,151982,8680738100000,148662,0,0,500,381285980,76240000,0,0,0,0,76230000,0,0,0,0,1,0,0,0,0,22,0,0,0,0,
20240722,20240719,,cu2408,,23:08:48,76250000,76780000,0,76580000,76350000,76050000,76450000,0,82150000,71400000,22767,151982,8680738100000,148662,0,0,0,381285980,76240000,0,0,0,0,76230000,0,0,0,0,1,0,0,0,0,22,0,0,0,0,
20240722,20240719,,cu2408,,23:08:50,76240000,76780000,0,76580000,76350000,76050000,76450000,0,82150000,71400000,22768,151982,8681119300000,148662,0,0,0,381285980,76250000,0,0,0,0,76240000,0,0,0,0,14,0,0,0,0,4,0,0,0,0,
20240722,20240719,,cu2408,,23:08:50,76240000,76780000,0,76580000,76350000,76050000,76450000,0,82150000,71400000,22769,151982,8681500500000,148663,0,0,500,381285980,76250000,0,0,0,0,76240000,0,0,0,0,10,0,0,0,0,3,0,0,0,0,
20240722,20240719,,cu2408,,23:08:51,76240000,76780000,0,76580000,76350000,76050000,76450000,0,82150000,71400000,22769,151982,8681500500000,148663,0,0,0,381285980,76250000,0,0,0,0,76240000,0,0,0,0,10,0,0,0,0,3,0,0,0,0,
20240722,20240719,,cu2408,,23:08:52,76240000,76780000,0,76580000,76350000,76050000,76450000,0,82150000,71400000,22771,151982,8682262900000,148665,0,0,0,381285970,76250000,0,0,0,0,76240000,0,0,0,0,4,0,0,0,0,3,0,0,0,0,
20240722,20240719,,cu2408,,23:08:52,76240000,76780000,0,76580000,76350000,76050000,76450000,0,82150000,71400000,22771,151982,8682262900000,148665,0,0,500,381285970,76250000,0,0,0,0,76240000,0,0,0,0,6,0,0,0,0,3,0,0,0,0,
20240722,20240719,,cu2408,,23:08:53,76240000,76780000,0,76580000,76350000,76050000,76450000,0,82150000,71400000,22771,151982,8682262900000,148665,0,0,0,381285970,76250000,0,0,0,0,76240000,0,0,0,0,9,0,0,0,0,1,0,0,0,0,
20240722,20240719,,cu2408,,23:08:53,76240000,76780000,0,76580000,76350000,76050000,76450000,0,82150000,71400000,22771,151982,8682262900000,148665,0,0,500,381285970,76250000,0,0,0,0,76240000,0,0,0,0,13,0,0,0,0,1,0,0,0,0,
20240722,20240719,,cu2408,,23:08:54,76240000,76780000,0,76580000,76350000,76050000,76450000,0,82150000,71400000,22771,151982,8682262900000,148665,0,0,0,381285970,76250000,0,0,0,0,76240000,0,0,0,0,9,0,0,0,0,1,0,0,0,0,
20240722,20240719,,cu2408,,23:08:54,76240000,76780000,0,76580000,76350000,76050000,76450000,0,82150000,71400000,22771,151982,8682262900000,148665,0,0,500,381285970,76250000,0,0,0,0,76240000,0,0,0,0,7,0,0,0,0,3,0,0,0,0,
20240722,20240719,,cu2408,,23:08:55,76240000,76780000,0,76580000,76350000,76050000,76450000,0,82150000,71400000,22771,151982,8682262900000,148665,0,0,0,381285970,76250000,0,0,0,0,76240000,0,0,0,0,4,0,0,0,0,5,0,0,0,0,
20240722,20240719,,cu2408,,23:08:56,76240000,76780000,0,76580000,76350000,76050000,76450000,0,82150000,71400000,22771,151982,8682262900000,148665,0,0,0,381285970,76250000,0,0,0,0,76240000,0,0,0,0,4,0,0,0,0,7,0,0,0,0,
20240722,20240719,,cu2408,,23:08:57,76240000,76780000,0,76580000,76350000,76050000,76450000,0,82150000,71400000,22771,151982,8682262900000,148665,0,0,0,381285970,76250000,0,0,0,0,76240000,0,0,0,0,4,0,0,0,0,5,0,0,0,0,
20240722,20240719,,cu2408,,23:08:57,76240000,76780000,0,76580000,76350000,76050000,76450000,0,82150000,71400000,22771,151982,8682262900000,148665,0,0,500,381285970,76250000,0,0,0,0,76240000,0,0,0,0,12,0,0,0,0,3,0,0,0,0,
20240722,20240719,,cu2408,,23:08:58,76240000,76780000,0,76580000,76350000,76050000,76450000,0,82150000,71400000,22771,151982,8682262900000,148665,0,0,0,381285970,76250000,0,0,0,0,76240000,0,0,0,0,8,0,0,0,0,3,0,0,0,0,
20240722,20240719,,cu2408,,23:09:00,76240000,76780000,0,76580000,76350000,76050000,76450000,0,82150000,71400000,22771,151982,8682262900000,148665,0,0,0,381285970,76250000,0,0,0,0,76240000,0,0,0,0,8,0,0,0,0,3,0,0,0,0,
20240722,20240719,,cu2408,,23:09:01,76240000,76780000,0,76580000,76350000,76050000,76450000,0,82150000,71400000,22771,151982,8682262900000,148665,0,0,500,381285970,76250000,0,0,0,0,76240000,0,0,0,0,8,0,0,0,0,3,0,0,0,0,
20240722,20240719,,cu2408,,23:09:02,76240000,76780000,0,76580000,76350000,76050000,76450000,0,82150000,71400000,22771,151982,8682262900000,148665,0,0,0,381285970,76250000,0,0,0,0,76240000,0,0,0,0,8,0,0,0,0,1,0,0,0,0,
20240722,20240719,,cu2408,,23:09:02,76240000,76780000,0,76580000,76350000,76050000,76450000,0,82150000,71400000,22771,151982,8682262900000,148665,0,0,500,381285970,76250000,0,0,0,0,76240000,0,0,0,0,12,0,0,0,0,1,0,0,0,0,
20240722,20240719,,cu2408,,23:09:03,76240000,76780000,0,76580000,76350000,76050000,76450000,0,82150000,71400000,22772,151982,8682644100000,148665,0,0,0,381285970,76250000,0,0,0,0,76230000,0,0,0,0,14,0,0,0,0,16,0,0,0,0,
20240722,20240719,,cu2408,,23:09:04,76240000,76780000,0,76580000,76350000,76050000,76450000,0,82150000,71400000,22772,151982,8682644100000,148665,0,0,0,381285970,76250000,0,0,0,0,76230000,0,0,0,0,14,0,0,0,0,18,0,0,0,0,
20240722,20240719,,cu2408,,23:09:04,76240000,76780000,0,76580000,76350000,76050000,76450000,0,82150000,71400000,22772,151982,8682644100000,148665,0,0,500,381285970,76250000,0,0,0,0,76230000,0,0,0,0,15,0,0,0,0,18,0,0,0,0,
20240722,20240719,,cu2408,,23:09:05,76240000,76780000,0,76580000,76350000,76050000,76450000,0,82150000,71400000,22772,151982,8682644100000,148665,0,0,0,381285970,76250000,0,0,0,0,76230000,0,0,0,0,11,0,0,0,0,44,0,0,0,0,
20240722,20240719,,cu2408,,23:09:05,76240000,76780000,0,76580000,76350000,76050000,76450000,0,82150000,71400000,22772,151982,8682644100000,148665,0,0,500,381285970,76250000,0,0,0,0,76230000,0,0,0,0,8,0,0,0,0,49,0,0,0,0,
20240722,20240719,,cu2408,,23:09:06,76240000,76780000,0,76580000,76350000,76050000,76450000,0,82150000,71400000,22772,151982,8682644100000,148665,0,0,0,381285970,76250000,0,0,0,0,76230000,0,0,0,0,8,0,0,0,0,50,0,0,0,0,
20240722,20240719,,cu2408,,23:09:07,76240000,76780000,0,76580000,76350000,76050000,76450000,0,82150000,71400000,22772,151982,8682644100000,148665,0,0,0,381285970,76250000,0,0,0,0,76230000,0,0,0,0,8,0,0,0,0,51,0,0,0,0,
20240722,20240719,,cu2408,,23:09:08,76240000,76780000,0,76580000,76350000,76050000,76450000,0,82150000,71400000,22772,151982,8682644100000,148665,0,0,500,381285970,76250000,0,0,0,0,76230000,0,0,0,0,8,0,0,0,0,51,0,0,0,0,
20240722,20240719,,cu2408,,23:09:09,76240000,76780000,0,76580000,76350000,76050000,76450000,0,82150000,71400000,22772,151982,8682644100000,148665,0,0,0,381285970,76250000,0,0,0,0,76230000,0,0,0,0,8,0,0,0,0,52,0,0,0,0,
20240722,20240719,,cu2408,,23:09:09,76240000,76780000,0,76580000,76350000,76050000,76450000,0,82150000,71400000,22772,151982,8682644100000,148665,0,0,500,381285970,76250000,0,0,0,0,76240000,0,0,0,0,8,0,0,0,0,7,0,0,0,0,
20240722,20240719,,cu2408,,23:09:10,76240000,76780000,0,76580000,76350000,76050000,76450000,0,82150000,71400000,22772,151982,8682644100000,148665,0,0,0,381285970,76250000,0,0,0,0,76240000,0,0,0,0,5,0,0,0,0,13,0,0,0,0,
20240722,20240719,,cu2408,,23:09:10,76240000,76780000,0,76580000,76350000,76050000,76450000,0,82150000,71400000,22772,151982,8682644100000,148665,0,0,500,381285970,76250000,0,0,0,0,76240000,0,0,0,0,13,0,0,0,0,11,0,0,0,0,
20240722,20240719,,cu2408,,23:09:11,76240000,76780000,0,76580000,76350000,76050000,76450000,0,82150000,71400000,22772,151982,8682644100000,148665,0,0,0,381285970,76250000,0,0,0,0,76240000,0,0,0,0,11,0,0,0,0,4,0,0,0,0,
20240722,20240719,,cu2408,,23:09:12,76240000,76780000,0,76580000,76350000,76050000,76450000,0,82150000,71400000,22772,151982,8682644100000,148665,0,0,0,381285970,76250000,0,0,0,0,76240000,0,0,0,0,9,0,0,0,0,5,0,0,0,0,
20240722,20240719,,cu2408,,23:09:12,76240000,76780000,0,76580000,76350000,76050000,76450000,0,82150000,71400000,22772,151982,8682644100000,148665,0,0,500,381285970,76250000,0,0,0,0,76240000,0,0,0,0,5,0,0,0,0,17,0,0,0,0,
20240722,20240719,,cu2408,,23:09:13,76240000,76780000,0,76580000,76350000,76050000,76450000,0,82150000,71400000,22772,151982,8682644100000,148665,0,0,0,381285970,76250000,0,0,0,0,76240000,0,0,0,0,13,0,0,0,0,11,0,0,0,0,
20240722,20240719,,cu2408,,23:09:13,76250000,76780000,0,76580000,76350000,76050000,76450000,0,82150000,71400000,22773,151982,8683025350000,148664,0,0,500,381285960,76250000,0,0,0,0,76240000,0,0,0,0,12,0,0,0,0,4,0,0,0,0,
20240722,20240719,,cu2408,,23:09:14,76250000,76780000,0,76580000,76350000,76050000,76450000,0,82150000,71400000,22773,151982,8683025350000,148664,0,0,0,381285960,76250000,0,0,0,0,76240000,0,0,0,0,8,0,0,0,0,2,0,0,0,0,
20240722,20240719,,cu2408,,23:09:14,76250000,76780000,0,76580000,76350000,76050000,76450000,0,82150000,71400000,22773,151982,8683025350000,148664,0,0,500,381285960,76250000,0,0,0,0,76240000,0,0,0,0,8,0,0,0,0,7,0,0,0,0,
20240722,20240719,,cu2408,,23:09:16,76250000,76780000,0,76580000,76350000,76050000,76450000,0,82150000,71400000,22773,151982,8683025350000,148664,0,0,0,381285960,76250000,0,0,0,0,76240000,0,0,0,0,9,0,0,0,0,7,0,0,0,0,
20240722,20240719,,cu2408,,23:09:16,76250000,76780000,0,76580000,76350000,76050000,76450000,0,82150000,71400000,22773,151982,8683025350000,148664,0,0,500,381285960,76250000,0,0,0,0,76240000,0,0,0,0,7,0,0,0,0,7,0,0,0,0,
20240722,20240719,,cu2408,,23:09:17,76250000,76780000,0,76580000,76350000,76050000,76450000,0,82150000,71400000,22773,151982,8683025350000,148664,0,0,0,381285960,76250000,0,0,0,0,76240000,0,0,0,0,7,0,0,0,0,8,0,0,0,0,
20240722,20240719,,cu2408,,23:09:17,76230000,76780000,0,76580000,76350000,76050000,76450000,0,82150000,71400000,22783,151982,8686837150000,148669,0,0,500,381285920,76250000,0,0,0,0,76230000,0,0,0,0,11,0,0,0,0,10,0,0,0,0,
20240722,20240719,,cu2408,,23:09:18,76230000,76780000,0,76580000,76350000,76050000,76450000,0,82150000,71400000,22783,151982,8686837150000,148669,0,0,0,381285920,76240000,0,0,0,0,76230000,0,0,0,0,10,0,0,0,0,9,0,0,0,0,
20240722,20240719,,cu2408,,23:09:18,76230000,76780000,0,76580000,76350000,76050000,76450000,0,82150000,71400000,22783,151982,8686837150000,148669,0,0,500,381285920,76240000,0,0,0,0,76230000,0,0,0,0,14,0,0,0,0,9,0,0,0,0,
20240722,20240719,,cu2408,,23:09:19,76230000,76780000,0,76580000,76350000,76050000,76450000,0,82150000,71400000,22783,151982,8686837150000,148669,0,0,0,381285920,76240000,0,0,0,0,76230000,0,0,0,0,11,0,0,0,0,10,0,0,0,0,
20240722,20240719,,cu2408,,23:09:19,76240000,76780000,0,76580000,76350000,76050000,76450000,0,82150000,71400000,22787,151982,8688361950000,148673,0,0,500,381285900,76240000,0,0,0,0,76230000,0,0,0,0,4,0,0,0,0,9,0,0,0,0,
20240722,20240719,,cu2408,,23:09:20,76240000,76780000,0,76580000,76350000,76050000,76450000,0,82150000,71400000,22787,151982,8688361950000,148673,0,0,0,381285900,76240000,0,0,0,0,76230000,0,0,0,0,4,0,0,0,0,9,0,0,0,0,
20240722,20240719,,cu2408,,23:09:20,76240000,76780000,0,76580000,76350000,76050000,76450000,0,82150000,71400000,22787,151982,8688361950000,148673,0,0,500,381285900,76240000,0,0,0,0,76230000,0,0,0,0,4,0,0,0,0,11,0,0,0,0,
20240722,20240719,,cu2408,,23:09:21,76240000,76780000,0,76580000,76350000,76050000,76450000,0,82150000,71400000,22787,151982,8688361950000,148673,0,0,0,381285900,76240000,0,0,0,0,76230000,0,0,0,0,4,0,0,0,0,9,0,0,0,0,
20240722,20240719,,cu2408,,23:09:21,76240000,76780000,0,76580000,76350000,76050000,76450000,0,82150000,71400000,22787,151982,8688361950000,148673,0,0,500,381285900,76240000,0,0,0,0,76230000,0,0,0,0,12,0,0,0,0,9,0,0,0,0,
20240722,20240719,,cu2408,,23:09:22,76240000,76780000,0,76580000,76350000,76050000,76450000,0,82150000,71400000,22787,151982,8688361950000,148673,0,0,0,381285900,76240000,0,0,0,0,76230000,0,0,0,0,12,0,0,0,0,9,0,0,0,0,
20240722,20240719,,cu2408,,23:09:22,76240000,76780000,0,76580000,76350000,76050000,76450000,0,82150000,71400000,22787,151982,8688361950000,148673,0,0,500,381285900,76240000,0,0,0,0,76230000,0,0,0,0,8,0,0,0,0,9,0,0,0,0,
20240722,20240719,,cu2408,,23:09:23,76240000,76780000,0,76580000,76350000,76050000,76450000,0,82150000,71400000,22787,151982,8688361950000,148673,0,0,0,381285900,76240000,0,0,0,0,76230000,0,0,0,0,6,0,0,0,0,9,0,0,0,0,
20240722,20240719,,cu2408,,23:09:23,76240000,76780000,0,76580000,76350000,76050000,76450000,0,82150000,71400000,22787,151982,8688361950000,148673,0,0,500,381285900,76240000,0,0,0,0,76230000,0,0,0,0,11,0,0,0,0,9,0,0,0,0,
20240722,20240719,,cu2408,,23:09:24,76240000,76780000,0,76580000,76350000,76050000,76450000,0,82150000,71400000,22789,151982,8689124300000,148673,0,0,0,381285890,76240000,0,0,0,0,76230000,0,0,0,0,12,0,0,0,0,8,0,0,0,0,
20240722,20240719,,cu2408,,23:09:24,76230000,76780000,0,76580000,76350000,76050000,76450000,0,82150000,71400000,22791,151982,8689886600000,148673,0,0,500,381285880,76240000,0,0,0,0,76230000,0,0,0,0,8,0,0,0,0,6,0,0,0,0,
20240722,20240719,,cu2408,,23:09:25,76230000,76780000,0,76580000,76350000,76050000,76450000,0,82150000,71400000,22791,151982,8689886600000,148673,0,0,0,381285880,76240000,0,0,0,0,76230000,0,0,0,0,8,0,0,0,0,6,0,0,0,0,
20240722,20240719,,cu2408,,23:09:25,76230000,76780000,0,76580000,76350000,76050000,76450000,0,82150000,71400000,22791,151982,8689886600000,148673,0,0,500,381285880,76240000,0,0,0,0,76230000,0,0,0,0,8,0,0,0,0,6,0,0,0,0,
20240722,20240719,,cu2408,,23:09:31,76230000,76780000,0,76580000,76350000,76050000,76450000,0,82150000,71400000,22791,151982,8689886600000,148673,0,0,500,381285880,76240000,0,0,0,0,76230000,0,0,0,0,6,0,0,0,0,6,0,0,0,0,
20240722,20240719,,cu2408,,23:09:32,76230000,76780000,0,76580000,76350000,76050000,76450000,0,82150000,71400000,22794,151982,8691030050000,148671,0,0,0,381285860,76240000,0,0,0,0,76230000,0,0,0,0,6,0,0,0,0,7,0,0,0,0,
20240722,20240719,,cu2408,,23:09:32,76230000,76780000,0,76580000,76350000,76050000,76450000,0,82150000,71400000,22797,151982,8692173500000,148672,0,0,500,381285850,76240000,0,0,0,0,76220000,0,0,0,0,9,0,0,0,0,6,0,0,0,0,
20240722,20240719,,cu2408,,23:09:33,76230000,76780000,0,76580000,76350000,76050000,76450000,0,82150000,71400000,22797,151982,8692173500000,148672,0,0,0,381285850,76230000,0,0,0,0,76220000,0,0,0,0,1,0,0,0,0,8,0,0,0,0,
20240722,20240719,,cu2408,,23:09:33,76230000,76780000,0,76580000,76350000,76050000,76450000,0,82150000,71400000,22797,151982,8692173500000,148672,0,0,500,381285850,76230000,0,0,0,0,76220000,0,0,0,0,1,0,0,0,0,8,0,0,0,0,
20240722,20240719,,cu2408,,23:09:34,76230000,76780000,0,76580000,76350000,76050000,76450000,0,82150000,71400000,22797,151982,8692173500000,148672,0,0,0,381285850,76230000,0,0,0,0,76220000,0,0,0,0,2,0,0,0,0,8,0,0,0,0,
20240722,20240719,,cu2408,,23:09:34,76230000,76780000,0,76580000,76350000,76050000,76450000,0,82150000,71400000,22801,151982,8693698000000,148674,0,0,500,381285820,76240000,0,0,0,0,76220000,0,0,0,0,12,0,0,0,0,6,0,0,0,0,
20240722,20240719,,cu2408,,23:09:35,76230000,76780000,0,76580000,76350000,76050000,76450000,0,82150000,71400000,22801,151982,8693698000000,148674,0,0,500,381285820,76240000,0,0,0,0,76220000,0,0,0,0,14,0,0,0,0,6,0,0,0,0,
20240722,20240719,,cu2408,,23:09:36,76230000,76780000,0,76580000,76350000,76050000,76450000,0,82150000,71400000,22801,151982,8693698000000,148674,0,0,500,381285820,76240000,0,0,0,0,76220000,0,0,0,0,14,0,0,0,0,6,0,0,0,0,
20240722,20240719,,cu2408,,23:09:37,76230000,76780000,0,76580000,76350000,76050000,76450000,0,82150000,71400000,22801,151982,8693698000000,148674,0,0,0,381285820,76240000,0,0,0,0,76220000,0,0,0,0,14,0,0,0,0,8,0,0,0,0,
20240722,20240719,,cu2408,,23:09:37,76230000,76780000,0,76580000,76350000,76050000,76450000,0,82150000,71400000,22801,151982,8693698000000,148674,0,0,500,381285820,76240000,0,0,0,0,76220000,0,0,0,0,14,0,0,0,0,8,0,0,0,0,
20240722,20240719,,cu2408,,23:09:38,76230000,76780000,0,76580000,76350000,76050000,76450000,0,82150000,71400000,22801,151982,8693698000000,148674,0,0,0,381285820,76240000,0,0,0,0,76220000,0,0,0,0,12,0,0,0,0,8,0,0,0,0,
20240722,20240719,,cu2408,,23:09:38,76230000,76780000,0,76580000,76350000,76050000,76450000,0,82150000,71400000,22801,151982,8693698000000,148674,0,0,500,381285820,76240000,0,0,0,0,76220000,0,0,0,0,12,0,0,0,0,8,0,0,0,0,
20240722,20240719,,cu2408,,23:09:40,76230000,76780000,0,76580000,76350000,76050000,76450000,0,82150000,71400000,22801,151982,8693698000000,148674,0,0,0,381285820,76240000,0,0,0,0,76220000,0,0,0,0,10,0,0,0,0,13,0,0,0,0,
20240722,20240719,,cu2408,,23:09:40,76230000,76780000,0,76580000,76350000,76050000,76450000,0,82150000,71400000,22801,151982,8693698000000,148674,0,0,500,381285820,76240000,0,0,0,0,76230000,0,0,0,0,10,0,0,0,0,1,0,0,0,0,
20240722,20240719,,cu2408,,23:09:41,76220000,76780000,0,76580000,76350000,76050000,76450000,0,82150000,71400000,22807,151982,8695984650000,148677,0,0,0,381285770,76240000,0,0,0,0,76220000,0,0,0,0,10,0,0,0,0,7,0,0,0,0,
20240722,20240719,,cu2408,,23:09:42,76220000,76780000,0,76580000,76350000,76050000,76450000,0,82150000,71400000,22807,151982,8695984650000,148677,0,0,500,381285770,76240000,0,0,0,0,76230000,0,0,0,0,10,0,0,0,0,5,0,0,0,0,
20240722,20240719,,cu2408,,23:09:43,76230000,76780000,0,76580000,76350000,76050000,76450000,0,82150000,71400000,22810,151982,8697128100000,148674,0,0,0,381285750,76240000,0,0,0,0,76220000,0,0,0,0,10,0,0,0,0,7,0,0,0,0,
20240722,20240719,,cu2408,,23:09:43,76230000,76780000,0,76580000,76350000,76050000,76450000,0,82150000,71400000,22810,151982,8697128100000,148674,0,0,500,381285750,76240000,0,0,0,0,76220000,0,0,0,0,10,0,0,0,0,11,0,0,0,0,
20240722,20240719,,cu2408,,23:09:44,76230000,76780000,0,76580000,76350000,76050000,76450000,0,82150000,71400000,22810,151982,8697128100000,148674,0,0,0,381285750,76240000,0,0,0,0,76220000,0,0,0,0,10,0,0,0,0,12,0,0,0,0,
20240722,20240719,,cu2408,,23:09:46,76230000,76780000,0,76580000,76350000,76050000,76450000,0,82150000,71400000,22810,151982,8697128100000,148674,0,0,0,381285750,76240000,0,0,0,0,76230000,0,0,0,0,7,0,0,0,0,1,0,0,0,0,
20240722,20240719,,cu2408,,23:09:46,76230000,76780000,0,76580000,76350000,76050000,76450000,0,82150000,71400000,22810,151982,8697128100000,148674,0,0,500,381285750,76240000,0,0,0,0,76230000,0,0,0,0,3,0,0,0,0,6,0,0,0,0,
20240722,20240719,,cu2408,,23:09:47,76240000,76780000,0,76580000,76350000,76050000,76450000,0,82150000,71400000,22813,151982,8698271700000,148675,0,0,0,381285740,76250000,0,0,0,0,76230000,0,0,0,0,11,0,0,0,0,10,0,0,0,0,
20240722,20240719,,cu2408,,23:09:47,76240000,76780000,0,76580000,76350000,76050000,76450000,0,82150000,71400000,22813,151982,8698271700000,148675,0,0,500,381285740,76250000,0,0,0,0,76230000,0,0,0,0,11,0,0,0,0,10,0,0,0,0,
20240722,20240719,,cu2408,,23:09:48,76240000,76780000,0,76580000,76350000,76050000,76450000,0,82150000,71400000,22813,151982,8698271700000,148675,0,0,500,381285740,76250000,0,0,0,0,76230000,0,0,0,0,11,0,0,0,0,10,0,0,0,0,
20240722,20240719,,cu2408,,23:09:49,76240000,76780000,0,76580000,76350000,76050000,76450000,0,82150000,71400000,22813,151982,8698271700000,148675,0,0,0,381285740,76250000,0,0,0,0,76230000,0,0,0,0,11,0,0,0,0,1,0,0,0,0,
20240722,20240719,,cu2408,,23:09:49,76240000,76780000,0,76580000,76350000,76050000,76450000,0,82150000,71400000,22813,151982,8698271700000,148675,0,0,500,381285740,76240000,0,0,0,0,76230000,0,0,0,0,3,0,0,0,0,1,0,0,0,0,
20240722,20240719,,cu2408,,23:09:50,76240000,76780000,0,76580000,76350000,76050000,76450000,0,82150000,71400000,22813,151982,8698271700000,148675,0,0,500,381285740,76240000,0,0,0,0,76230000,0,0,0,0,3,0,0,0,0,1,0,0,0,0,
20240722,20240719,,cu2408,,23:09:51,76240000,76780000,0,76580000,76350000,76050000,76450000,0,82150000,71400000,22813,151982,8698271700000,148675,0,0,0,381285740,76250000,0,0,0,0,76230000,0,0,0,0,11,0,0,0,0,1,0,0,0,0,
20240722,20240719,,cu2408,,23:09:51,76240000,76780000,0,76580000,76350000,76050000,76450000,0,82150000,71400000,22813,151982,8698271700000,148675,0,0,500,381285740,76250000,0,0,0,0,76230000,0,0,0,0,11,0,0,0,0,6,0,0,0,0,
20240722,20240719,,cu2408,,23:09:52,76240000,76780000,0,76580000,76350000,76050000,76450000,0,82150000,71400000,22813,151982,8698271700000,148675,0,0,0,381285740,76250000,0,0,0,0,76230000,0,0,0,0,7,0,0,0,0,10,0,0,0,0,
20240722,20240719,,cu2408,,23:09:52,76240000,76780000,0,76580000,76350000,76050000,76450000,0,82150000,71400000,22813,151982,8698271700000,148675,0,0,500,381285740,76250000,0,0,0,0,76230000,0,0,0,0,11,0,0,0,0,10,0,0,0,0,
20240722,20240719,,cu2408,,23:09:53,76240000,76780000,0,76580000,76350000,76050000,76450000,0,82150000,71400000,22813,151982,8698271700000,148675,0,0,0,381285740,76250000,0,0,0,0,76230000,0,0,0,0,11,0,0,0,0,6,0,0,0,0,
20240722,20240719,,cu2408,,23:09:53,76240000,76780000,0,76580000,76350000,76050000,76450000,0,82150000,71400000,22813,151982,8698271700000,148675,0,0,500,381285740,76250000,0,0,0,0,76230000,0,0,0,0,11,0,0,0,0,10,0,0,0,0,
20240722,20240719,,cu2408,,23:09:54,76240000,76780000,0,76580000,76350000,76050000,76450000,0,82150000,71400000,22813,151982,8698271700000,148675,0,0,0,381285740,76250000,0,0,0,0,76230000,0,0,0,0,11,0,0,0,0,10,0,0,0,0,
20240722,20240719,,cu2408,,23:09:55,76240000,76780000,0,76580000,76350000,76050000,76450000,0,82150000,71400000,22813,151982,8698271700000,148675,0,0,0,381285740,76250000,0,0,0,0,76230000,0,0,0,0,11,0,0,0,0,10,0,0,0,0,
20240722,20240719,,cu2408,,23:09:56,76240000,76780000,0,76580000,76350000,76050000,76450000,0,82150000,71400000,22813,151982,8698271700000,148675,0,0,500,381285740,76250000,0,0,0,0,76230000,0,0,0,0,11,0,0,0,0,10,0,0,0,0,
20240722,20240719,,cu2408,,23:09:57,76240000,76780000,0,76580000,76350000,76050000,76450000,0,82150000,71400000,22813,151982,8698271700000,148675,0,0,0,381285740,76250000,0,0,0,0,76230000,0,0,0,0,11,0,0,0,0,10,0,0,0,0,
20240722,20240719,,cu2408,,23:09:59,76240000,76780000,0,76580000,76350000,76050000,76450000,0,82150000,71400000,22813,151982,8698271700000,148675,0,0,500,381285740,76250000,0,0,0,0,76230000,0,0,0,0,11,0,0,0,0,10,0,0,0,0,
20240722,20240719,,cu2408,,23:10:00,76240000,76780000,0,76580000,76350000,76050000,76450000,0,82150000,71400000,22813,151982,8698271700000,148675,0,0,0,381285740,76250000,0,0,0,0,76230000,0,0,0,0,11,0,0,0,0,10,0,0,0,0,
20240722,20240719,,cu2408,,23:10:02,76240000,76780000,0,76580000,76350000,76050000,76450000,0,82150000,71400000,22813,151982,8698271700000,148675,0,0,0,381285740,76240000,0,0,0,0,76230000,0,0,0,0,1,0,0,0,0,10,0,0,0,0,
20240722,20240719,,cu2408,,23:10:02,76240000,76780000,0,76580000,76350000,76050000,76450000,0,82150000,71400000,22813,151982,8698271700000,148675,0,0,500,381285740,76240000,0,0,0,0,76230000,0,0,0,0,1,0,0,0,0,11,0,0,0,0,
20240722,20240719,,cu2408,,23:10:03,76240000,76780000,0,76580000,76350000,76050000,76450000,0,82150000,71400000,22813,151982,8698271700000,148675,0,0,500,381285740,76240000,0,0,0,0,76230000,0,0,0,0,1,0,0,0,0,6,0,0,0,0,
20240722,20240719,,cu2408,,23:10:04,76240000,76780000,0,76580000,76350000,76050000,76450000,0,82150000,71400000,22813,151982,8698271700000,148675,0,0,0,381285740,76240000,0,0,0,0,76230000,0,0,0,0,1,0,0,0,0,3,0,0,0,0,
20240722,20240719,,cu2408,,23:10:05,76240000,76780000,0,76580000,76350000,76050000,76450000,0,82150000,71400000,22813,151982,8698271700000,148675,0,0,0,381285740,76240000,0,0,0,0,76230000,0,0,0,0,1,0,0,0,0,3,0,0,0,0,
20240722,20240719,,cu2408,,23:10:05,76240000,76780000,0,76580000,76350000,76050000,76450000,0,82150000,71400000,22813,151982,8698271700000,148675,0,0,500,381285740,76240000,0,0,0,0,76230000,0,0,0,0,1,0,0,0,0,6,0,0,0,0,
20240722,20240719,,cu2408,,23:10:06,76240000,76780000,0,76580000,76350000,76050000,76450000,0,82150000,71400000,22814,151982,8698652900000,148675,0,0,0,381285740,76250000,0,0,0,0,76230000,0,0,0,0,7,0,0,0,0,12,0,0,0,0,
20240722,20240719,,cu2408,,23:10:06,76240000,76780000,0,76580000,76350000,76050000,76450000,0,82150000,71400000,22814,151982,8698652900000,148675,0,0,500,381285740,76250000,0,0,0,0,76230000,0,0,0,0,7,0,0,0,0,17,0,0,0,0,
20240722,20240719,,cu2408,,23:10:07,76240000,76780000,0,76580000,76350000,76050000,76450000,0,82150000,71400000,22814,151982,8698652900000,148675,0,0,0,381285740,76240000,0,0,0,0,76230000,0,0,0,0,6,0,0,0,0,10,0,0,0,0,
20240722,20240719,,cu2408,,23:10:07,76240000,76780000,0,76580000,76350000,76050000,76450000,0,82150000,71400000,22814,151982,8698652900000,148675,0,0,500,381285740,76240000,0,0,0,0,76230000,0,0,0,0,12,0,0,0,0,3,0,0,0,0,
20240722,20240719,,cu2408,,23:10:08,76240000,76780000,0,76580000,76350000,76050000,76450000,0,82150000,71400000,22814,151982,8698652900000,148675,0,0,0,381285740,76240000,0,0,0,0,76230000,0,0,0,0,6,0,0,0,0,4,0,0,0,0,
20240722,20240719,,cu2408,,23:10:08,76240000,76780000,0,76580000,76350000,76050000,76450000,0,82150000,71400000,22814,151982,8698652900000,148675,0,0,500,381285740,76240000,0,0,0,0,76230000,0,0,0,0,3,0,0,0,0,4,0,0,0,0,
20240722,20240719,,cu2408,,23:10:09,76240000,76780000,0,76580000,76350000,76050000,76450000,0,82150000,71400000,22814,151982,8698652900000,148675,0,0,0,381285740,76240000,0,0,0,0,76230000,0,0,0,0,8,0,0,0,0,4,0,0,0,0,
20240722,20240719,,cu2408,,23:10:09,76240000,76780000,0,76580000,76350000,76050000,76450000,0,82150000,71400000,22814,151982,8698652900000,148675,0,0,500,381285740,76250000,0,0,0,0,76230000,0,0,0,0,16,0,0,0,0,4,0,0,0,0,
20240722,20240719,,cu2408,,23:10:10,76240000,76780000,0,76580000,76350000,76050000,76450000,0,82150000,71400000,22814,151982,8698652900000,148675,0,0,0,381285740,76240000,0,0,0,0,76230000,0,0,0,0,3,0,0,0,0,10,0,0,0,0,
20240722,20240719,,cu2408,,23:10:10,76240000,76780000,0,76580000,76350000,76050000,76450000,0,82150000,71400000,22814,151982,8698652900000,148675,0,0,500,381285740,76250000,0,0,0,0,76230000,0,0,0,0,6,0,0,0,0,7,0,0,0,0,
20240722,20240719,,cu2408,,23:10:11,76240000,76780000,0,76580000,76350000,76050000,76450000,0,82150000,71400000,22814,151982,8698652900000,148675,0,0,0,381285740,76250000,0,0,0,0,76230000,0,0,0,0,10,0,0,0,0,7,0,0,0,0,
20240722,20240719,,cu2408,,23:10:11,76240000,76780000,0,76580000,76350000,76050000,76450000,0,82150000,71400000,22814,151982,8698652900000,148675,0,0,500,381285740,76240000,0,0,0,0,76230000,0,0,0,0,3,0,0,0,0,4,0,0,0,0,
20240722,20240719,,cu2408,,23:10:12,76240000,76780000,0,76580000,76350000,76050000,76450000,0,82150000,71400000,22814,151982,8698652900000,148675,0,0,0,381285740,76240000,0,0,0,0,76230000,0,0,0,0,3,0,0,0,0,5,0,0,0,0,
20240722,20240719,,cu2408,,23:10:13,76240000,76780000,0,76580000,76350000,76050000,76450000,0,82150000,71400000,22814,151982,8698652900000,148675,0,0,0,381285740,76240000,0,0,0,0,76230000,0,0,0,0,3,0,0,0,0,5,0,0,0,0,
20240722,20240719,,cu2408,,23:10:13,76240000,76780000,0,76580000,76350000,76050000,76450000,0,82150000,71400000,22814,151982,8698652900000,148675,0,0,500,381285740,76250000,0,0,0,0,76230000,0,0,0,0,14,0,0,0,0,12,0,0,0,0,
20240722,20240719,,cu2408,,23:10:14,76240000,76780000,0,76580000,76350000,76050000,76450000,0,82150000,71400000,22814,151982,8698652900000,148675,0,0,0,381285740,76240000,0,0,0,0,76230000,0,0,0,0,11,0,0,0,0,11,0,0,0,0,
20240722,20240719,,cu2408,,23:10:14,76240000,76780000,0,76580000,76350000,76050000,76450000,0,82150000,71400000,22818,151982,8700177700000,148675,0,0,500,381285720,76240000,0,0,0,0,76230000,0,0,0,0,3,0,0,0,0,9,0,0,0,0,
20240722,20240719,,cu2408,,23:10:15,76240000,76780000,0,76580000,76350000,76050000,76450000,0,82150000,71400000,22818,151982,8700177700000,148675,0,0,0,381285720,76240000,0,0,0,0,76230000,0,0,0,0,6,0,0,0,0,9,0,0,0,0,
20240722,20240719,,cu2408,,23:10:17,76240000,76780000,0,76580000,76350000,76050000,76450000,0,82150000,71400000,22819,151982,8700558900000,148675,0,0,500,381285720,76240000,0,0,0,0,76230000,0,0,0,0,5,0,0,0,0,9,0,0,0,0,
20240722,20240719,,cu2408,,23:10:18,76240000,76780000,0,76580000,76350000,76050000,76450000,0,82150000,71400000,22819,151982,8700558900000,148675,0,0,0,381285720,76240000,0,0,0,0,76230000,0,0,0,0,7,0,0,0,0,9,0,0,0,0,
20240722,20240719,,cu2408,,23:10:18,76240000,76780000,0,76580000,76350000,76050000,76450000,0,82150000,71400000,22819,151982,8700558900000,148675,0,0,500,381285720,76240000,0,0,0,0,76230000,0,0,0,0,2,0,0,0,0,9,0,0,0,0,
20240722,20240719,,cu2408,,23:10:19,76240000,76780000,0,76580000,76350000,76050000,76450000,0,82150000,71400000,22819,151982,8700558900000,148675,0,0,500,381285720,76240000,0,0,0,0,76230000,0,0,0,0,2,0,0,0,0,9,0,0,0,0,
20240722,20240719,,cu2408,,23:10:20,76240000,76780000,0,76580000,76350000,76050000,76450000,0,82150000,71400000,22819,151982,8700558900000,148675,0,0,0,381285720,76240000,0,0,0,0,76230000,0,0,0,0,2,0,0,0,0,9,0,0,0,0,
20240722,20240719,,cu2408,,23:10:21,76240000,76780000,0,76580000,76350000,76050000,76450000,0,82150000,71400000,22819,151982,8700558900000,148675,0,0,500,381285720,76240000,0,0,0,0,76230000,0,0,0,0,4,0,0,0,0,9,0,0,0,0,
20240722,20240719,,cu2408,,23:10:25,76240000,76780000,0,76580000,76350000,76050000,76450000,0,82150000,71400000,22823,151982,8702083700000,148671,0,0,0,381285700,76250000,0,0,0,0,76230000,0,0,0,0,14,0,0,0,0,9,0,0,0,0,
20240722,20240719,,cu2408,,23:10:25,76240000,76780000,0,76580000,76350000,76050000,76450000,0,82150000,71400000,22823,151982,8702083700000,148671,0,0,500,381285700,76250000,0,0,0,0,76240000,0,0,0,0,6,0,0,0,0,3,0,0,0,0,
20240722,20240719,,cu2408,,23:10:26,76250000,76780000,0,76580000,76350000,76050000,76450000,0,82150000,71400000,22825,151982,8702846150000,148671,0,0,0,381285700,76250000,0,0,0,0,76240000,0,0,0,0,5,0,0,0,0,11,0,0,0,0,
20240722,20240719,,cu2408,,23:10:26,76240000,76780000,0,76580000,76350000,76050000,76450000,0,82150000,71400000,22828,151982,8703989750000,148668,0,0,500,381285690,76250000,0,0,0,0,76240000,0,0,0,0,13,0,0,0,0,2,0,0,0,0,
20240722,20240719,,cu2408,,23:10:27,76240000,76780000,0,76580000,76350000,76050000,76450000,0,82150000,71400000,22828,151982,8703989750000,148668,0,0,0,381285690,76250000,0,0,0,0,76240000,0,0,0,0,10,0,0,0,0,2,0,0,0,0,
20240722,20240719,,cu2408,,23:10:27,76240000,76780000,0,76580000,76350000,76050000,76450000,0,82150000,71400000,22831,151982,8705133350000,148667,0,0,500,381285680,76250000,0,0,0,0,76240000,0,0,0,0,11,0,0,0,0,2,0,0,0,0,
20240722,20240719,,cu2408,,23:10:28,76240000,76780000,0,76580000,76350000,76050000,76450000,0,82150000,71400000,22831,151982,8705133350000,148667,0,0,0,381285680,76250000,0,0,0,0,76230000,0,0,0,0,9,0,0,0,0,16,0,0,0,0,
20240722,20240719,,cu2408,,23:10:28,76250000,76780000,0,76580000,76350000,76050000,76450000,0,82150000,71400000,22832,151982,8705514600000,148667,0,0,500,381285670,76250000,0,0,0,0,76230000,0,0,0,0,8,0,0,0,0,16,0,0,0,0,
20240722,20240719,,cu2408,,23:10:29,76250000,76780000,0,76580000,76350000,76050000,76450000,0,82150000,71400000,22832,151982,8705514600000,148667,0,0,0,381285670,76250000,0,0,0,0,76240000,0,0,0,0,8,0,0,0,0,1,0,0,0,0,
20240722,20240719,,cu2408,,23:10:29,76240000,76780000,0,76580000,76350000,76050000,76450000,0,82150000,71400000,22833,151982,8705895800000,148666,0,0,500,381285670,76250000,0,0,0,0,76230000,0,0,0,0,4,0,0,0,0,16,0,0,0,0,
20240722,20240719,,cu2408,,23:10:30,76240000,76780000,0,76580000,76350000,76050000,76450000,0,82150000,71400000,22833,151982,8705895800000,148666,0,0,0,381285670,76250000,0,0,0,0,76230000,0,0,0,0,11,0,0,0,0,16,0,0,0,0,
20240722,20240719,,cu2408,,23:10:30,76240000,76780000,0,76580000,76350000,76050000,76450000,0,82150000,71400000,22833,151982,8705895800000,148666,0,0,500,381285670,76250000,0,0,0,0,76230000,0,0,0,0,9,0,0,0,0,16,0,0,0,0,
20240722,20240719,,cu2408,,23:10:31,76240000,76780000,0,76580000,76350000,76050000,76450000,0,82150000,71400000,22833,151982,8705895800000,148666,0,0,0,381285670,76250000,0,0,0,0,76230000,0,0,0,0,9,0,0,0,0,13,0,0,0,0,
20240722,20240719,,cu2408,,23:10:33,76240000,76780000,0,76580000,76350000,76050000,76450000,0,82150000,71400000,22833,151982,8705895800000,148666,0,0,500,381285670,76250000,0,0,0,0,76230000,0,0,0,0,9,0,0,0,0,16,0,0,0,0,
20240722,20240719,,cu2408,,23:10:34,76240000,76780000,0,76580000,76350000,76050000,76450000,0,82150000,71400000,22833,151982,8705895800000,148666,0,0,0,381285670,76250000,0,0,0,0,76240000,0,0,0,0,9,0,0,0,0,1,0,0,0,0,
20240722,20240719,,cu2408,,23:10:34,76240000,76780000,0,76580000,76350000,76050000,76450000,0,82150000,71400000,22834,151982,8706277000000,148666,0,0,500,381285670,76250000,0,0,0,0,76230000,0,0,0,0,5,0,0,0,0,16,0,0,0,0,
20240722,20240719,,cu2408,,23:10:35,76240000,76780000,0,76580000,76350000,76050000,76450000,0,82150000,71400000,22834,151982,8706277000000,148666,0,0,0,381285670,76250000,0,0,0,0,76230000,0,0,0,0,9,0,0,0,0,16,0,0,0,0,
20240722,20240719,,cu2408,,23:10:35,76240000,76780000,0,76580000,76350000,76050000,76450000,0,82150000,71400000,22834,151982,8706277000000,148666,0,0,500,381285670,76250000,0,0,0,0,76230000,0,0,0,0,9,0,0,0,0,21,0,0,0,0,
20240722,20240719,,cu2408,,23:10:38,76240000,76780000,0,76580000,76350000,76050000,76450000,0,82150000,71400000,22834,151982,8706277000000,148666,0,0,500,381285670,76250000,0,0,0,0,76240000,0,0,0,0,9,0,0,0,0,3,0,0,0,0,
20240722,20240719,,cu2408,,23:10:39,76240000,76780000,0,76580000,76350000,76050000,76450000,0,82150000,71400000,22834,151982,8706277000000,148666,0,0,0,381285670,76250000,0,0,0,0,76240000,0,0,0,0,5,0,0,0,0,3,0,0,0,0,
20240722,20240719,,cu2408,,23:10:39,76240000,76780000,0,76580000,76350000,76050000,76450000,0,82150000,71400000,22834,151982,8706277000000,148666,0,0,500,381285670,76250000,0,0,0,0,76240000,0,0,0,0,5,0,0,0,0,5,0,0,0,0,
20240722,20240719,,cu2408,,23:10:40,76240000,76780000,0,76580000,76350000,76050000,76450000,0,82150000,71400000,22834,151982,8706277000000,148666,0,0,0,381285670,76250000,0,0,0,0,76240000,0,0,0,0,2,0,0,0,0,8,0,0,0,0,
20240722,20240719,,cu2408,,23:10:40,76250000,76780000,0,76580000,76350000,76050000,76450000,0,82150000,71400000,22835,151982,8706658250000,148665,0,0,500,381285660,76250000,0,0,0,0,76240000,0,0,0,0,1,0,0,0,0,8,0,0,0,0,
20240722,20240719,,cu2408,,23:10:41,76250000,76780000,0,76580000,76350000,76050000,76450000,0,82150000,71400000,22835,151982,8706658250000,148665,0,0,500,381285660,76250000,0,0,0,0,76240000,0,0,0,0,4,0,0,0,0,6,0,0,0,0,
20240722,20240719,,cu2408,,23:10:42,76250000,76780000,0,76580000,76350000,76050000,76450000,0,82150000,71400000,22835,151982,8706658250000,148665,0,0,0,381285660,76250000,0,0,0,0,76240000,0,0,0,0,4,0,0,0,0,10,0,0,0,0,
20240722,20240719,,cu2408,,23:10:42,76250000,76780000,0,76580000,76350000,76050000,76450000,0,82150000,71400000,22835,151982,8706658250000,148665,0,0,500,381285660,76250000,0,0,0,0,76240000,0,0,0,0,1,0,0,0,0,9,0,0,0,0,
20240722,20240719,,cu2408,,23:10:44,76250000,76780000,0,76580000,76350000,76050000,76450000,0,82150000,71400000,22835,151982,8706658250000,148665,0,0,0,381285660,76250000,0,0,0,0,76240000,0,0,0,0,1,0,0,0,0,9,0,0,0,0,
20240722,20240719,,cu2408,,23:10:45,76250000,76780000,0,76580000,76350000,76050000,76450000,0,82150000,71400000,22836,151982,8707039500000,148664,0,0,0,381285660,76260000,0,0,0,0,76250000,0,0,0,0,12,0,0,0,0,2,0,0,0,0,
20240722,20240719,,cu2408,,23:10:45,76250000,76780000,0,76580000,76350000,76050000,76450000,0,82150000,71400000,22836,151982,8707039500000,148664,0,0,500,381285660,76260000,0,0,0,0,76250000,0,0,0,0,9,0,0,0,0,2,0,0,0,0,
20240722,20240719,,cu2408,,23:10:46,76250000,76780000,0,76580000,76350000,76050000,76450000,0,82150000,71400000,22836,151982,8707039500000,148664,0,0,0,381285660,76260000,0,0,0,0,76250000,0,0,0,0,6,0,0,0,0,6,0,0,0,0,
20240722,20240719,,cu2408,,23:10:46,76250000,76780000,0,76580000,76350000,76050000,76450000,0,82150000,71400000,22836,151982,8707039500000,148664,0,0,500,381285660,76260000,0,0,0,0,76250000,0,0,0,0,6,0,0,0,0,2,0,0,0,0,
20240722,20240719,,cu2408,,23:10:47,76250000,76780000,0,76580000,76350000,76050000,76450000,0,82150000,71400000,22836,151982,8707039500000,148664,0,0,0,381285660,76260000,0,0,0,0,76240000,0,0,0,0,10,0,0,0,0,15,0,0,0,0,
20240722,20240719,,cu2408,,23:10:47,76250000,76780000,0,76580000,76350000,76050000,76450000,0,82150000,71400000,22836,151982,8707039500000,148664,0,0,500,381285660,76260000,0,0,0,0,76250000,0,0,0,0,6,0,0,0,0,3,0,0,0,0,
20240722,20240719,,cu2408,,23:10:48,76250000,76780000,0,76580000,76350000,76050000,76450000,0,82150000,71400000,22836,151982,8707039500000,148664,0,0,0,381285660,76260000,0,0,0,0,76250000,0,0,0,0,6,0,0,0,0,1,0,0,0,0,
20240722,20240719,,cu2408,,23:10:48,76250000,76780000,0,76580000,76350000,76050000,76450000,0,82150000,71400000,22836,151982,8707039500000,148664,0,0,500,381285660,76260000,0,0,0,0,76250000,0,0,0,0,6,0,0,0,0,1,0,0,0,0,
20240722,20240719,,cu2408,,23:10:50,76250000,76780000,0,76580000,76350000,76050000,76450000,0,82150000,71400000,22836,151982,8707039500000,148664,0,0,0,381285660,76260000,0,0,0,0,76250000,0,0,0,0,6,0,0,0,0,4,0,0,0,0,
20240722,20240719,,cu2408,,23:10:51,76250000,76780000,0,76580000,76350000,76050000,76450000,0,82150000,71400000,22836,151982,8707039500000,148664,0,0,0,381285660,76260000,0,0,0,0,76250000,0,0,0,0,6,0,0,0,0,1,0,0,0,0,
20240722,20240719,,cu2408,,23:10:52,76250000,76780000,0,76580000,76350000,76050000,76450000,0,82150000,71400000,22836,151982,8707039500000,148664,0,0,0,381285660,76260000,0,0,0,0,76250000,0,0,0,0,6,0,0,0,0,4,0,0,0,0,
20240722,20240719,,cu2408,,23:10:53,76250000,76780000,0,76580000,76350000,76050000,76450000,0,82150000,71400000,22836,151982,8707039500000,148664,0,0,500,381285660,76260000,0,0,0,0,76250000,0,0,0,0,6,0,0,0,0,1,0,0,0,0,
20240722,20240719,,cu2408,,23:10:54,76250000,76780000,0,76580000,76350000,76050000,76450000,0,82150000,71400000,22836,151982,8707039500000,148664,0,0,500,381285660,76260000,0,0,0,0,76250000,0,0,0,0,6,0,0,0,0,4,0,0,0,0,
20240722,20240719,,cu2408,,23:10:58,76250000,76780000,0,76580000,76350000,76050000,76450000,0,82150000,71400000,22836,151982,8707039500000,148664,0,0,0,381285660,76260000,0,0,0,0,76250000,0,0,0,0,6,0,0,0,0,4,0,0,0,0,
20240722,20240719,,cu2408,,23:11:00,76260000,76780000,0,76580000,76350000,76050000,76450000,0,82150000,71400000,22837,151982,8707420800000,148664,0,0,0,381285660,76260000,0,0,0,0,76250000,0,0,0,0,5,0,0,0,0,8,0,0,0,0,
20240722,20240719,,cu2408,,23:11:00,76260000,76780000,0,76580000,76350000,76050000,76450000,0,82150000,71400000,22839,151982,8708183400000,148664,0,0,500,381285670,76260000,0,0,0,0,76250000,0,0,0,0,3,0,0,0,0,6,0,0,0,0,
20240722,20240719,,cu2408,,23:11:01,76260000,76780000,0,76580000,76350000,76050000,76450000,0,82150000,71400000,22842,151982,8709327300000,148662,0,0,0,381285670,76270000,0,0,0,0,76250000,0,0,0,0,16,0,0,0,0,20,0,0,0,0,
20240722,20240719,,cu2408,,23:11:01,76260000,76780000,0,76580000,76350000,76050000,76450000,0,82150000,71400000,22842,151982,8709327300000,148662,0,0,500,381285670,76270000,0,0,0,0,76260000,0,0,0,0,9,0,0,0,0,9,0,0,0,0,
20240722,20240719,,cu2408,,23:11:02,76260000,76780000,0,76580000,76350000,76050000,76450000,0,82150000,71400000,22842,151982,8709327300000,148662,0,0,0,381285670,76270000,0,0,0,0,76260000,0,0,0,0,9,0,0,0,0,11,0,0,0,0,
20240722,20240719,,cu2408,,23:11:02,76270000,76780000,0,76580000,76350000,76050000,76450000,0,82150000,71400000,22846,151982,8710852700000,148664,0,0,500,381285680,76270000,0,0,0,0,76260000,0,0,0,0,5,0,0,0,0,11,0,0,0,0,
20240722,20240719,,cu2408,,23:11:03,76270000,76780000,0,76580000,76350000,76050000,76450000,0,82150000,71400000,22846,151982,8710852700000,148664,0,0,0,381285680,76270000,0,0,0,0,76260000,0,0,0,0,5,0,0,0,0,11,0,0,0,0,
20240722,20240719,,cu2408,,23:11:03,76270000,76780000,0,76580000,76350000,76050000,76450000,0,82150000,71400000,22846,151982,8710852700000,148664,0,0,500,381285680,76270000,0,0,0,0,76260000,0,0,0,0,8,0,0,0,0,4,0,0,0,0,
20240722,20240719,,cu2408,,23:11:04,76270000,76780000,0,76580000,76350000,76050000,76450000,0,82150000,71400000,22846,151982,8710852700000,148664,0,0,0,381285680,76270000,0,0,0,0,76260000,0,0,0,0,10,0,0,0,0,2,0,0,0,0,
20240722,20240719,,cu2408,,23:11:04,76270000,76780000,0,76580000,76350000,76050000,76450000,0,82150000,71400000,22846,151982,8710852700000,148664,0,0,500,381285680,76270000,0,0,0,0,76260000,0,0,0,0,10,0,0,0,0,2,0,0,0,0,
20240722,20240719,,cu2408,,23:11:05,76270000,76780000,0,76580000,76350000,76050000,76450000,0,82150000,71400000,22846,151982,8710852700000,148664,0,0,0,381285680,76270000,0,0,0,0,76260000,0,0,0,0,10,0,0,0,0,2,0,0,0,0,
20240722,20240719,,cu2408,,23:11:05,76270000,76780000,0,76580000,76350000,76050000,76450000,0,82150000,71400000,22856,151982,8714666200000,148654,0,0,500,381285710,76280000,0,0,0,0,76260000,0,0,0,0,7,0,0,0,0,3,0,0,0,0,
20240722,20240719,,cu2408,,23:11:06,76270000,76780000,0,76580000,76350000,76050000,76450000,0,82150000,71400000,22856,151982,8714666200000,148654,0,0,0,381285710,76280000,0,0,0,0,76260000,0,0,0,0,9,0,0,0,0,8,0,0,0,0,
20240722,20240719,,cu2408,,23:11:06,76270000,76780000,0,76580000,76350000,76050000,76450000,0,82150000,71400000,22856,151982,8714666200000,148654,0,0,500,381285710,76280000,0,0,0,0,76260000,0,0,0,0,7,0,0,0,0,18,0,0,0,0,
20240722,20240719,,cu2408,,23:11:07,76260000,76780000,0,76580000,76350000,76050000,76450000,0,82150000,71400000,22862,151982,8716954000000,148654,0,0,0,381285710,76270000,0,0,0,0,76260000,0,0,0,0,4,0,0,0,0,13,0,0,0,0,
20240722,20240719,,cu2408,,23:11:07,76260000,76780000,0,76580000,76350000,76050000,76450000,0,82150000,71400000,22862,151982,8716954000000,148654,0,0,500,381285710,76280000,0,0,0,0,76260000,0,0,0,0,7,0,0,0,0,11,0,0,0,0,
20240722,20240719,,cu2408,,23:11:08,76260000,76780000,0,76580000,76350000,76050000,76450000,0,82150000,71400000,22862,151982,8716954000000,148654,0,0,0,381285710,76280000,0,0,0,0,76260000,0,0,0,0,7,0,0,0,0,11,0,0,0,0,
20240722,20240719,,cu2408,,23:11:08,76260000,76780000,0,76580000,76350000,76050000,76450000,0,82150000,71400000,22862,151982,8716954000000,148654,0,0,500,381285710,76280000,0,0,0,0,76260000,0,0,0,0,8,0,0,0,0,14,0,0,0,0,
20240722,20240719,,cu2408,,23:11:09,76260000,76780000,0,76580000,76350000,76050000,76450000,0,82150000,71400000,22862,151982,8716954000000,148654,0,0,0,381285710,76280000,0,0,0,0,76270000,0,0,0,0,8,0,0,0,0,5,0,0,0,0,
20240722,20240719,,cu2408,,23:11:09,76260000,76780000,0,76580000,76350000,76050000,76450000,0,82150000,71400000,22862,151982,8716954000000,148654,0,0,500,381285710,76280000,0,0,0,0,76260000,0,0,0,0,8,0,0,0,0,15,0,0,0,0,
20240722,20240719,,cu2408,,23:11:10,76260000,76780000,0,76580000,76350000,76050000,76450000,0,82150000,71400000,22862,151982,8716954000000,148654,0,0,0,381285710,76280000,0,0,0,0,76260000,0,0,0,0,10,0,0,0,0,15,0,0,0,0,
20240722,20240719,,cu2408,,23:11:11,76260000,76780000,0,76580000,76350000,76050000,76450000,0,82150000,71400000,22862,151982,8716954000000,148654,0,0,0,381285710,76270000,0,0,0,0,76260000,0,0,0,0,3,0,0,0,0,10,0,0,0,0,
20240722,20240719,,cu2408,,23:11:11,76260000,76780000,0,76580000,76350000,76050000,76450000,0,82150000,71400000,22862,151982,8716954000000,148654,0,0,500,381285710,76270000,0,0,0,0,76260000,0,0,0,0,9,0,0,0,0,10,0,0,0,0,
20240722,20240719,,cu2408,,23:11:12,76260000,76780000,0,76580000,76350000,76050000,76450000,0,82150000,71400000,22862,151982,8716954000000,148654,0,0,0,381285710,76270000,0,0,0,0,76260000,0,0,0,0,9,0,0,0,0,10,0,0,0,0,
20240722,20240719,,cu2408,,23:11:12,76260000,76780000,0,76580000,76350000,76050000,76450000,0,82150000,71400000,22862,151982,8716954000000,148654,0,0,500,381285710,76270000,0,0,0,0,76260000,0,0,0,0,4,0,0,0,0,10,0,0,0,0,
20240722,20240719,,cu2408,,23:11:13,76260000,76780000,0,76580000,76350000,76050000,76450000,0,82150000,71400000,22862,151982,8716954000000,148654,0,0,0,381285710,76270000,0,0,0,0,76260000,0,0,0,0,6,0,0,0,0,10,0,0,0,0,
20240722,20240719,,cu2408,,23:11:13,76260000,76780000,0,76580000,76350000,76050000,76450000,0,82150000,71400000,22862,151982,8716954000000,148654,0,0,500,381285710,76270000,0,0,0,0,76260000,0,0,0,0,7,0,0,0,0,9,0,0,0,0,
20240722,20240719,,cu2408,,23:11:14,76260000,76780000,0,76580000,76350000,76050000,76450000,0,82150000,71400000,22862,151982,8716954000000,148654,0,0,0,381285710,76270000,0,0,0,0,76260000,0,0,0,0,7,0,0,0,0,9,0,0,0,0,
20240722,20240719,,cu2408,,23:11:15,76260000,76780000,0,76580000,76350000,76050000,76450000,0,82150000,71400000,22862,151982,8716954000000,148654,0,0,500,381285710,76270000,0,0,0,0,76260000,0,0,0,0,7,0,0,0,0,9,0,0,0,0,
20240722,20240719,,cu2408,,23:11:16,76260000,76780000,0,76580000,76350000,76050000,76450000,0,82150000,71400000,22862,151982,8716954000000,148654,0,0,500,381285710,76270000,0,0,0,0,76260000,0,0,0,0,5,0,0,0,0,9,0,0,0,0,
20240722,20240719,,cu2408,,23:11:17,76250000,76780000,0,76580000,76350000,76050000,76450000,0,82150000,71400000,22885,151982,8725723200000,148640,0,0,500,381285690,76250000,0,0,0,0,76240000,0,0,0,0,65,0,0,0,0,9,0,0,0,0,
20240722,20240719,,cu2408,,23:11:18,76250000,76780000,0,76580000,76350000,76050000,76450000,0,82150000,71400000,22952,151982,8751266950000,148614,0,0,0,381285590,76260000,0,0,0,0,76250000,0,0,0,0,1,0,0,0,0,1,0,0,0,0,
20240722,20240719,,cu2408,,23:11:18,76250000,76780000,0,76580000,76350000,76050000,76450000,0,82150000,71400000,22956,151982,8752792000000,148612,0,0,500,381285590,76270000,0,0,0,0,76250000,0,0,0,0,9,0,0,0,0,12,0,0,0,0,
20240722,20240719,,cu2408,,23:11:19,76250000,76780000,0,76580000,76350000,76050000,76450000,0,82150000,71400000,22956,151982,8752792000000,148612,0,0,0,381285590,76260000,0,0,0,0,76250000,0,0,0,0,2,0,0,0,0,12,0,0,0,0,
20240722,20240719,,cu2408,,23:11:19,76250000,76780000,0,76580000,76350000,76050000,76450000,0,82150000,71400000,22958,151982,8753554500000,148611,0,0,500,381285580,76270000,0,0,0,0,76250000,0,0,0,0,9,0,0,0,0,13,0,0,0,0,
20240722,20240719,,cu2408,,23:11:20,76250000,76780000,0,76580000,76350000,76050000,76450000,0,82150000,71400000,22958,151982,8753554500000,148611,0,0,0,381285580,76270000,0,0,0,0,76250000,0,0,0,0,9,0,0,0,0,13,0,0,0,0,
20240722,20240719,,cu2408,,23:11:21,76250000,76780000,0,76580000,76350000,76050000,76450000,0,82150000,71400000,22958,151982,8753554500000,148611,0,0,500,381285580,76270000,0,0,0,0,76250000,0,0,0,0,9,0,0,0,0,13,0,0,0,0,
20240722,20240719,,cu2408,,23:11:22,76250000,76780000,0,76580000,76350000,76050000,76450000,0,82150000,71400000,22958,151982,8753554500000,148611,0,0,0,381285580,76270000,0,0,0,0,76250000,0,0,0,0,9,0,0,0,0,13,0,0,0,0,
20240722,20240719,,cu2408,,23:11:22,76250000,76780000,0,76580000,76350000,76050000,76450000,0,82150000,71400000,22958,151982,8753554500000,148611,0,0,500,381285580,76270000,0,0,0,0,76250000,0,0,0,0,9,0,0,0,0,5,0,0,0,0,
20240722,20240719,,cu2408,,23:11:23,76270000,76780000,0,76580000,76350000,76050000,76450000,0,82150000,71400000,22959,151982,8753935850000,148612,0,0,0,381285590,76270000,0,0,0,0,76250000,0,0,0,0,8,0,0,0,0,5,0,0,0,0,
20240722,20240719,,cu2408,,23:11:23,76270000,76780000,0,76580000,76350000,76050000,76450000,0,82150000,71400000,22959,151982,8753935850000,148612,0,0,500,381285590,76260000,0,0,0,0,76250000,0,0,0,0,5,0,0,0,0,5,0,0,0,0,
20240722,20240719,,cu2408,,23:11:24,76270000,76780000,0,76580000,76350000,76050000,76450000,0,82150000,71400000,22959,151982,8753935850000,148612,0,0,0,381285590,76270000,0,0,0,0,76250000,0,0,0,0,10,0,0,0,0,2,0,0,0,0,
20240722,20240719,,cu2408,,23:11:24,76270000,76780000,0,76580000,76350000,76050000,76450000,0,82150000,71400000,22959,151982,8753935850000,148612,0,0,500,381285590,76260000,0,0,0,0,76250000,0,0,0,0,7,0,0,0,0,2,0,0,0,0,
20240722,20240719,,cu2408,,23:11:25,76270000,76780000,0,76580000,76350000,76050000,76450000,0,82150000,71400000,22959,151982,8753935850000,148612,0,0,0,381285590,76260000,0,0,0,0,76240000,0,0,0,0,2,0,0,0,0,12,0,0,0,0,
20240722,20240719,,cu2408,,23:11:25,76270000,76780000,0,76580000,76350000,76050000,76450000,0,82150000,71400000,22959,151982,8753935850000,148612,0,0,500,381285590,76260000,0,0,0,0,76250000,0,0,0,0,2,0,0,0,0,3,0,0,0,0,
20240722,20240719,,cu2408,,23:11:26,76250000,76780000,0,76580000,76350000,76050000,76450000,0,82150000,71400000,22963,151982,8755461000000,148613,0,0,0,381285590,76270000,0,0,0,0,76250000,0,0,0,0,10,0,0,0,0,2,0,0,0,0,
20240722,20240719,,cu2408,,23:11:26,76250000,76780000,0,76580000,76350000,76050000,76450000,0,82150000,71400000,22963,151982,8755461000000,148613,0,0,500,381285590,76270000,0,0,0,0,76250000,0,0,0,0,10,0,0,0,0,5,0,0,0,0,
20240722,20240719,,cu2408,,23:11:27,76250000,76780000,0,76580000,76350000,76050000,76450000,0,82150000,71400000,22963,151982,8755461000000,148613,0,0,0,381285590,76270000,0,0,0,0,76250000,0,0,0,0,10,0,0,0,0,8,0,0,0,0,
20240722,20240719,,cu2408,,23:11:27,76250000,76780000,0,76580000,76350000,76050000,76450000,0,82150000,71400000,22963,151982,8755461000000,148613,0,0,500,381285590,76270000,0,0,0,0,76250000,0,0,0,0,8,0,0,0,0,8,0,0,0,0,
20240722,20240719,,cu2408,,23:11:28,76250000,76780000,0,76580000,76350000,76050000,76450000,0,82150000,71400000,22963,151982,8755461000000,148613,0,0,0,381285590,76270000,0,0,0,0,76250000,0,0,0,0,9,0,0,0,0,8,0,0,0,0,
20240722,20240719,,cu2408,,23:11:29,76250000,76780000,0,76580000,76350000,76050000,76450000,0,82150000,71400000,22963,151982,8755461000000,148613,0,0,0,381285590,76270000,0,0,0,0,76250000,0,0,0,0,9,0,0,0,0,8,0,0,0,0,
20240722,20240719,,cu2408,,23:11:30,76270000,76780000,0,76580000,76350000,76050000,76450000,0,82150000,71400000,22964,151982,8755842350000,148613,0,0,0,381285590,76270000,0,0,0,0,76250000,0,0,0,0,8,0,0,0,0,11,0,0,0,0,
20240722,20240719,,cu2408,,23:11:30,76270000,76780000,0,76580000,76350000,76050000,76450000,0,82150000,71400000,22964,151982,8755842350000,148613,0,0,500,381285590,76270000,0,0,0,0,76260000,0,0,0,0,2,0,0,0,0,7,0,0,0,0,
20240722,20240719,,cu2408,,23:11:31,76270000,76780000,0,76580000,76350000,76050000,76450000,0,82150000,71400000,22964,151982,8755842350000,148613,0,0,0,381285590,76270000,0,0,0,0,76260000,0,0,0,0,2,0,0,0,0,7,0,0,0,0,
20240722,20240719,,cu2408,,23:11:32,76270000,76780000,0,76580000,76350000,76050000,76450000,0,82150000,71400000,22964,151982,8755842350000,148613,0,0,0,381285590,76270000,0,0,0,0,76260000,0,0,0,0,5,0,0,0,0,7,0,0,0,0,
20240722,20240719,,cu2408,,23:11:32,76270000,76780000,0,76580000,76350000,76050000,76450000,0,82150000,71400000,22964,151982,8755842350000,148613,0,0,500,381285590,76270000,0,0,0,0,76260000,0,0,0,0,5,0,0,0,0,7,0,0,0,0,
20240722,20240719,,cu2408,,23:11:33,76270000,76780000,0,76580000,76350000,76050000,76450000,0,82150000,71400000,22964,151982,8755842350000,148613,0,0,0,381285590,76270000,0,0,0,0,76260000,0,0,0,0,5,0,0,0,0,7,0,0,0,0,
20240722,20240719,,cu2408,,23:11:34,76260000,76780000,0,76580000,76350000,76050000,76450000,0,82150000,71400000,22965,151982,8756223650000,148613,0,0,0,381285590,76270000,0,0,0,0,76260000,0,0,0,0,5,0,0,0,0,6,0,0,0,0,
20240722,20240719,,cu2408,,23:11:34,76260000,76780000,0,76580000,76350000,76050000,76450000,0,82150000,71400000,22965,151982,8756223650000,148613,0,0,500,381285590,76270000,0,0,0,0,76260000,0,0,0,0,5,0,0,0,0,6,0,0,0,0,
20240722,20240719,,cu2408,,23:11:35,76260000,76780000,0,76580000,76350000,76050000,76450000,0,82150000,71400000,22965,151982,8756223650000,148613,0,0,0,381285590,76270000,0,0,0,0,76260000,0,0,0,0,6,0,0,0,0,6,0,0,0,0,
20240722,20240719,,cu2408,,23:11:35,76260000,76780000,0,76580000,76350000,76050000,76450000,0,82150000,71400000,22969,151982,8757748850000,148610,0,0,500,381285590,76260000,0,0,0,0,76250000,0,0,0,0,14,0,0,0,0,33,0,0,0,0,
20240722,20240719,,cu2408,,23:11:36,76260000,76780000,0,76580000,76350000,76050000,76450000,0,82150000,71400000,22969,151982,8757748850000,148610,0,0,0,381285590,76260000,0,0,0,0,76250000,0,0,0,0,14,0,0,0,0,31,0,0,0,0,
20240722,20240719,,cu2408,,23:11:36,76260000,76780000,0,76580000,76350000,76050000,76450000,0,82150000,71400000,22969,151982,8757748850000,148610,0,0,500,381285590,76260000,0,0,0,0,76250000,0,0,0,0,14,0,0,0,0,11,0,0,0,0,
20240722,20240719,,cu2408,,23:11:37,76260000,76780000,0,76580000,76350000,76050000,76450000,0,82150000,71400000,22969,151982,8757748850000,148610,0,0,0,381285590,76260000,0,0,0,0,76250000,0,0,0,0,14,0,0,0,0,11,0,0,0,0,
20240722,20240719,,cu2408,,23:11:37,76260000,76780000,0,76580000,76350000,76050000,76450000,0,82150000,71400000,22970,151982,8758130150000,148610,0,0,500,381285590,76260000,0,0,0,0,76250000,0,0,0,0,13,0,0,0,0,3,0,0,0,0,
20240722,20240719,,cu2408,,23:11:40,76260000,76780000,0,76580000,76350000,76050000,76450000,0,82150000,71400000,22984,151982,8763468300000,148609,0,0,500,381285600,76270000,0,0,0,0,76260000,0,0,0,0,9,0,0,0,0,7,0,0,0,0,
20240722,20240719,,cu2408,,23:11:41,76260000,76780000,0,76580000,76350000,76050000,76450000,0,82150000,71400000,22991,151982,8766137400000,148609,0,0,0,381285600,76260000,0,0,0,0,76250000,0,0,0,0,12,0,0,0,0,3,0,0,0,0,
20240722,20240719,,cu2408,,23:11:41,76260000,76780000,0,76580000,76350000,76050000,76450000,0,82150000,71400000,22991,151982,8766137400000,148609,0,0,500,381285600,76260000,0,0,0,0,76250000,0,0,0,0,8,0,0,0,0,3,0,0,0,0,
20240722,20240719,,cu2408,,23:11:42,76250000,76780000,0,76580000,76350000,76050000,76450000,0,82150000,71400000,22994,151982,8767281150000,148607,0,0,0,381285600,76260000,0,0,0,0,76240000,0,0,0,0,14,0,0,0,0,6,0,0,0,0,
20240722,20240719,,cu2408,,23:11:43,76260000,76780000,0,76580000,76350000,76050000,76450000,0,82150000,71400000,22995,151982,8767662450000,148608,0,0,0,381285600,76260000,0,0,0,0,76240000,0,0,0,0,13,0,0,0,0,5,0,0,0,0,
20240722,20240719,,cu2408,,23:11:43,76260000,76780000,0,76580000,76350000,76050000,76450000,0,82150000,71400000,22995,151982,8767662450000,148608,0,0,500,381285600,76250000,0,0,0,0,76240000,0,0,0,0,7,0,0,0,0,5,0,0,0,0,
20240722,20240719,,cu2408,,23:11:44,76260000,76780000,0,76580000,76350000,76050000,76450000,0,82150000,71400000,22995,151982,8767662450000,148608,0,0,0,381285600,76250000,0,0,0,0,76240000,0,0,0,0,2,0,0,0,0,5,0,0,0,0,
20240722,20240719,,cu2408,,23:11:44,76260000,76780000,0,76580000,76350000,76050000,76450000,0,82150000,71400000,22995,151982,8767662450000,148608,0,0,500,381285600,76250000,0,0,0,0,76240000,0,0,0,0,6,0,0,0,0,5,0,0,0,0,
20240722,20240719,,cu2408,,23:11:45,76260000,76780000,0,76580000,76350000,76050000,76450000,0,82150000,71400000,22995,151982,8767662450000,148608,0,0,0,381285600,76250000,0,0,0,0,76240000,0,0,0,0,6,0,0,0,0,5,0,0,0,0,
20240722,20240719,,cu2408,,23:11:45,76260000,76780000,0,76580000,76350000,76050000,76450000,0,82150000,71400000,22995,151982,8767662450000,148608,0,0,500,381285600,76250000,0,0,0,0,76240000,0,0,0,0,8,0,0,0,0,5,0,0,0,0,
20240722,20240719,,cu2408,,23:11:46,76260000,76780000,0,76580000,76350000,76050000,76450000,0,82150000,71400000,22995,151982,8767662450000,148608,0,0,0,381285600,76250000,0,0,0,0,76240000,0,0,0,0,5,0,0,0,0,5,0,0,0,0,
20240722,20240719,,cu2408,,23:11:46,76250000,76780000,0,76580000,76350000,76050000,76450000,0,82150000,71400000,22996,151982,8768043700000,148608,0,0,500,381285600,76250000,0,0,0,0,76240000,0,0,0,0,13,0,0,0,0,5,0,0,0,0,
20240722,20240719,,cu2408,,23:11:47,76250000,76780000,0,76580000,76350000,76050000,76450000,0,82150000,71400000,22996,151982,8768043700000,148608,0,0,0,381285600,76250000,0,0,0,0,76240000,0,0,0,0,9,0,0,0,0,5,0,0,0,0,
20240722,20240719,,cu2408,,23:11:48,76250000,76780000,0,76580000,76350000,76050000,76450000,0,82150000,71400000,22996,151982,8768043700000,148608,0,0,500,381285600,76250000,0,0,0,0,76240000,0,0,0,0,7,0,0,0,0,5,0,0,0,0,
20240722,20240719,,cu2408,,23:11:49,76250000,76780000,0,76580000,76350000,76050000,76450000,0,82150000,71400000,22996,151982,8768043700000,148608,0,0,0,381285600,76250000,0,0,0,0,76240000,0,0,0,0,7,0,0,0,0,5,0,0,0,0,
20240722,20240719,,cu2408,,23:11:50,76240000,76780000,0,76580000,76350000,76050000,76450000,0,82150000,71400000,22997,151982,8768424900000,148607,0,0,0,381285590,76250000,0,0,0,0,76240000,0,0,0,0,7,0,0,0,0,4,0,0,0,0,
20240722,20240719,,cu2408,,23:11:50,76240000,76780000,0,76580000,76350000,76050000,76450000,0,82150000,71400000,23001,151982,8769949700000,148608,0,0,500,381285580,76240000,0,0,0,0,76230000,0,0,0,0,3,0,0,0,0,9,0,0,0,0,
20240722,20240719,,cu2408,,23:11:51,76240000,76780000,0,76580000,76350000,76050000,76450000,0,82150000,71400000,23001,151982,8769949700000,148608,0,0,0,381285580,76240000,0,0,0,0,76230000,0,0,0,0,9,0,0,0,0,9,0,0,0,0,
20240722,20240719,,cu2408,,23:11:51,76240000,76780000,0,76580000,76350000,76050000,76450000,0,82150000,71400000,23001,151982,8769949700000,148608,0,0,500,381285580,76240000,0,0,0,0,76230000,0,0,0,0,2,0,0,0,0,9,0,0,0,0,
20240722,20240719,,cu2408,,23:11:52,76240000,76780000,0,76580000,76350000,76050000,76450000,0,82150000,71400000,23001,151982,8769949700000,148608,0,0,0,381285580,76250000,0,0,0,0,76230000,0,0,0,0,11,0,0,0,0,8,0,0,0,0,
20240722,20240719,,cu2408,,23:11:52,76240000,76780000,0,76580000,76350000,76050000,76450000,0,82150000,71400000,23001,151982,8769949700000,148608,0,0,500,381285580,76250000,0,0,0,0,76230000,0,0,0,0,11,0,0,0,0,10,0,0,0,0,
20240722,20240719,,cu2408,,23:11:56,76240000,76780000,0,76580000,76350000,76050000,76450000,0,82150000,71400000,23001,151982,8769949700000,148608,0,0,0,381285580,76250000,0,0,0,0,76230000,0,0,0,0,11,0,0,0,0,13,0,0,0,0,
20240722,20240719,,cu2408,,23:11:56,76240000,76780000,0,76580000,76350000,76050000,76450000,0,82150000,71400000,23001,151982,8769949700000,148608,0,0,500,381285580,76250000,0,0,0,0,76230000,0,0,0,0,4,0,0,0,0,13,0,0,0,0,
20240722,20240719,,cu2408,,23:11:57,76240000,76780000,0,76580000,76350000,76050000,76450000,0,82150000,71400000,23001,151982,8769949700000,148608,0,0,0,381285580,76250000,0,0,0,0,76240000,0,0,0,0,7,0,0,0,0,2,0,0,0,0,
20240722,20240719,,cu2408,,23:11:57,76240000,76780000,0,76580000,76350000,76050000,76450000,0,82150000,71400000,23001,151982,8769949700000,148608,0,0,500,381285580,76250000,0,0,0,0,76240000,0,0,0,0,7,0,0,0,0,2,0,0,0,0,
20240722,20240719,,cu2408,,23:11:58,76240000,76780000,0,76580000,76350000,76050000,76450000,0,82150000,71400000,23001,151982,8769949700000,148608,0,0,0,381285580,76250000,0,0,0,0,76240000,0,0,0,0,7,0,0,0,0,4,0,0,0,0,
20240722,20240719,,cu2408,,23:12:00,76240000,76780000,0,76580000,76350000,76050000,76450000,0,82150000,71400000,23001,151982,8769949700000,148608,0,0,500,381285580,76250000,0,0,0,0,76240000,0,0,0,0,7,0,0,0,0,4,0,0,0,0,
20240722,20240719,,cu2408,,23:12:02,76240000,76780000,0,76580000,76350000,76050000,76450000,0,82150000,71400000,23001,151982,8769949700000,148608,0,0,0,381285580,76250000,0,0,0,0,76240000,0,0,0,0,7,0,0,0,0,4,0,0,0,0,
20240722,20240719,,cu2408,,23:12:03,76240000,76780000,0,76580000,76350000,76050000,76450000,0,82150000,71400000,23001,151982,8769949700000,148608,0,0,0,381285580,76250000,0,0,0,0,76240000,0,0,0,0,7,0,0,0,0,4,0,0,0,0,
20240722,20240719,,cu2408,,23:12:04,76240000,76780000,0,76580000,76350000,76050000,76450000,0,82150000,71400000,23002,151982,8770330900000,148609,0,0,500,381285580,76250000,0,0,0,0,76240000,0,0,0,0,7,0,0,0,0,3,0,0,0,0,
20240722,20240719,,cu2408,,23:12:05,76240000,76780000,0,76580000,76350000,76050000,76450000,0,82150000,71400000,23002,151982,8770330900000,148609,0,0,0,381285580,76250000,0,0,0,0,76240000,0,0,0,0,4,0,0,0,0,3,0,0,0,0,
20240722,20240719,,cu2408,,23:12:05,76240000,76780000,0,76580000,76350000,76050000,76450000,0,82150000,71400000,23002,151982,8770330900000,148609,0,0,500,381285580,76250000,0,0,0,0,76240000,0,0,0,0,4,0,0,0,0,4,0,0,0,0,
20240722,20240719,,cu2408,,23:12:06,76240000,76780000,0,76580000,76350000,76050000,76450000,0,82150000,71400000,23002,151982,8770330900000,148609,0,0,0,381285580,76250000,0,0,0,0,76240000,0,0,0,0,7,0,0,0,0,4,0,0,0,0,
20240722,20240719,,cu2408,,23:12:06,76240000,76780000,0,76580000,76350000,76050000,76450000,0,82150000,71400000,23002,151982,8770330900000,148609,0,0,500,381285580,76250000,0,0,0,0,76240000,0,0,0,0,7,0,0,0,0,7,0,0,0,0,
20240722,20240719,,cu2408,,23:12:08,76240000,76780000,0,76580000,76350000,76050000,76450000,0,82150000,71400000,23004,151982,8771093300000,148610,0,0,0,381285570,76250000,0,0,0,0,76240000,0,0,0,0,7,0,0,0,0,5,0,0,0,0,
20240722,20240719,,cu2408,,23:12:09,76240000,76780000,0,76580000,76350000,76050000,76450000,0,82150000,71400000,23004,151982,8771093300000,148610,0,0,0,381285570,76250000,0,0,0,0,76240000,0,0,0,0,7,0,0,0,0,4,0,0,0,0,
20240722,20240719,,cu2408,,23:12:10,76240000,76780000,0,76580000,76350000,76050000,76450000,0,82150000,71400000,23004,151982,8771093300000,148610,0,0,500,381285570,76250000,0,0,0,0,76240000,0,0,0,0,11,0,0,0,0,4,0,0,0,0,
20240722,20240719,,cu2408,,23:12:12,76240000,76780000,0,76580000,76350000,76050000,76450000,0,82150000,71400000,23008,151982,8772618100000,148610,0,0,0,381285550,76250000,0,0,0,0,76240000,0,0,0,0,11,0,0,0,0,1,0,0,0,0,
20240722,20240719,,cu2408,,23:12:12,76240000,76780000,0,76580000,76350000,76050000,76450000,0,82150000,71400000,23009,151982,8772999300000,148610,0,0,500,381285550,76240000,0,0,0,0,76230000,0,0,0,0,2,0,0,0,0,16,0,0,0,0,
20240722,20240719,,cu2408,,23:12:13,76240000,76780000,0,76580000,76350000,76050000,76450000,0,82150000,71400000,23009,151982,8772999300000,148610,0,0,0,381285550,76240000,0,0,0,0,76230000,0,0,0,0,2,0,0,0,0,14,0,0,0,0,
20240722,20240719,,cu2408,,23:12:13,76240000,76780000,0,76580000,76350000,76050000,76450000,0,82150000,71400000,23009,151982,8772999300000,148610,0,0,500,381285550,76240000,0,0,0,0,76230000,0,0,0,0,4,0,0,0,0,14,0,0,0,0,
20240722,20240719,,cu2408,,23:12:14,76240000,76780000,0,76580000,76350000,76050000,76450000,0,82150000,71400000,23009,151982,8772999300000,148610,0,0,0,381285550,76240000,0,0,0,0,76230000,0,0,0,0,3,0,0,0,0,14,0,0,0,0,
20240722,20240719,,cu2408,,23:12:14,76240000,76780000,0,76580000,76350000,76050000,76450000,0,82150000,71400000,23009,151982,8772999300000,148610,0,0,500,381285550,76240000,0,0,0,0,76230000,0,0,0,0,3,0,0,0,0,14,0,0,0,0,
20240722,20240719,,cu2408,,23:12:15,76240000,76780000,0,76580000,76350000,76050000,76450000,0,82150000,71400000,23010,151982,8773380500000,148610,0,0,0,381285550,76240000,0,0,0,0,76230000,0,0,0,0,2,0,0,0,0,14,0,0,0,0,
20240722,20240719,,cu2408,,23:12:15,76240000,76780000,0,76580000,76350000,76050000,76450000,0,82150000,71400000,23010,151982,8773380500000,148610,0,0,500,381285550,76250000,0,0,0,0,76230000,0,0,0,0,11,0,0,0,0,14,0,0,0,0,
20240722,20240719,,cu2408,,23:12:16,76240000,76780000,0,76580000,76350000,76050000,76450000,0,82150000,71400000,23010,151982,8773380500000,148610,0,0,500,381285550,76250000,0,0,0,0,76230000,0,0,0,0,11,0,0,0,0,14,0,0,0,0,
20240722,20240719,,cu2408,,23:12:17,76240000,76780000,0,76580000,76350000,76050000,76450000,0,82150000,71400000,23010,151982,8773380500000,148610,0,0,0,381285550,76250000,0,0,0,0,76230000,0,0,0,0,7,0,0,0,0,14,0,0,0,0,
20240722,20240719,,cu2408,,23:12:18,76240000,76780000,0,76580000,76350000,76050000,76450000,0,82150000,71400000,23010,151982,8773380500000,148610,0,0,0,381285550,76250000,0,0,0,0,76230000,0,0,0,0,7,0,0,0,0,14,0,0,0,0,
20240722,20240719,,cu2408,,23:12:18,76240000,76780000,0,76580000,76350000,76050000,76450000,0,82150000,71400000,23010,151982,8773380500000,148610,0,0,500,381285550,76250000,0,0,0,0,76230000,0,0,0,0,13,0,0,0,0,14,0,0,0,0,
20240722,20240719,,cu2408,,23:12:19,76240000,76780000,0,76580000,76350000,76050000,76450000,0,82150000,71400000,23010,151982,8773380500000,148610,0,0,500,381285550,76250000,0,0,0,0,76230000,0,0,0,0,9,0,0,0,0,14,0,0,0,0,
20240722,20240719,,cu2408,,23:12:22,76240000,76780000,0,76580000,76350000,76050000,76450000,0,82150000,71400000,23010,151982,8773380500000,148610,0,0,0,381285550,76250000,0,0,0,0,76230000,0,0,0,0,9,0,0,0,0,18,0,0,0,0,
20240722,20240719,,cu2408,,23:12:22,76240000,76780000,0,76580000,76350000,76050000,76450000,0,82150000,71400000,23010,151982,8773380500000,148610,0,0,500,381285550,76250000,0,0,0,0,76230000,0,0,0,0,9,0,0,0,0,14,0,0,0,0,
20240722,20240719,,cu2408,,23:12:23,76240000,76780000,0,76580000,76350000,76050000,76450000,0,82150000,71400000,23010,151982,8773380500000,148610,0,0,0,381285550,76250000,0,0,0,0,76230000,0,0,0,0,9,0,0,0,0,19,0,0,0,0,
20240722,20240719,,cu2408,,23:12:23,76240000,76780000,0,76580000,76350000,76050000,76450000,0,82150000,71400000,23010,151982,8773380500000,148610,0,0,500,381285550,76250000,0,0,0,0,76230000,0,0,0,0,7,0,0,0,0,14,0,0,0,0,
20240722,20240719,,cu2408,,23:12:24,76240000,76780000,0,76580000,76350000,76050000,76450000,0,82150000,71400000,23010,151982,8773380500000,148610,0,0,0,381285550,76250000,0,0,0,0,76230000,0,0,0,0,9,0,0,0,0,14,0,0,0,0,
20240722,20240719,,cu2408,,23:12:25,76240000,76780000,0,76580000,76350000,76050000,76450000,0,82150000,71400000,23010,151982,8773380500000,148610,0,0,0,381285550,76250000,0,0,0,0,76230000,0,0,0,0,9,0,0,0,0,14,0,0,0,0,
20240722,20240719,,cu2408,,23:12:28,76240000,76780000,0,76580000,76350000,76050000,76450000,0,82150000,71400000,23010,151982,8773380500000,148610,0,0,0,381285550,76250000,0,0,0,0,76240000,0,0,0,0,9,0,0,0,0,1,0,0,0,0,
20240722,20240719,,cu2408,,23:12:28,76240000,76780000,0,76580000,76350000,76050000,76450000,0,82150000,71400000,23011,151982,8773761700000,148610,0,0,500,381285540,76250000,0,0,0,0,76240000,0,0,0,0,13,0,0,0,0,1,0,0,0,0,
20240722,20240719,,cu2408,,23:12:29,76240000,76780000,0,76580000,76350000,76050000,76450000,0,82150000,71400000,23012,151982,8774142900000,148609,0,0,0,381285540,76250000,0,0,0,0,76230000,0,0,0,0,9,0,0,0,0,9,0,0,0,0,
20240722,20240719,,cu2408,,23:12:29,76240000,76780000,0,76580000,76350000,76050000,76450000,0,82150000,71400000,23012,151982,8774142900000,148609,0,0,500,381285540,76250000,0,0,0,0,76240000,0,0,0,0,13,0,0,0,0,1,0,0,0,0,
20240722,20240719,,cu2408,,23:12:30,76240000,76780000,0,76580000,76350000,76050000,76450000,0,82150000,71400000,23012,151982,8774142900000,148609,0,0,0,381285540,76250000,0,0,0,0,76240000,0,0,0,0,7,0,0,0,0,1,0,0,0,0,
20240722,20240719,,cu2408,,23:12:32,76240000,76780000,0,76580000,76350000,76050000,76450000,0,82150000,71400000,23012,151982,8774142900000,148609,0,0,0,381285540,76250000,0,0,0,0,76240000,0,0,0,0,7,0,0,0,0,4,0,0,0,0,
20240722,20240719,,cu2408,,23:12:35,76240000,76780000,0,76580000,76350000,76050000,76450000,0,82150000,71400000,23012,151982,8774142900000,148609,0,0,0,381285540,76250000,0,0,0,0,76240000,0,0,0,0,7,0,0,0,0,4,0,0,0,0,
20240722,20240719,,cu2408,,23:12:36,76230000,76780000,0,76580000,76350000,76050000,76450000,0,82150000,71400000,23042,151982,8785577600000,148587,0,0,0,381285370,76230000,0,0,0,0,76220000,0,0,0,0,59,0,0,0,0,13,0,0,0,0,
20240722,20240719,,cu2408,,23:12:36,76230000,76780000,0,76580000,76350000,76050000,76450000,0,82150000,71400000,23043,151982,8785958750000,148587,0,0,500,381285360,76230000,0,0,0,0,76220000,0,0,0,0,58,0,0,0,0,36,0,0,0,0,
20240722,20240719,,cu2408,,23:12:37,76230000,76780000,0,76580000,76350000,76050000,76450000,0,82150000,71400000,23047,151982,8787483350000,148587,0,0,0,381285340,76230000,0,0,0,0,76220000,0,0,0,0,54,0,0,0,0,36,0,0,0,0,
20240722,20240719,,cu2408,,23:12:37,76230000,76780000,0,76580000,76350000,76050000,76450000,0,82150000,71400000,23047,151982,8787483350000,148587,0,0,500,381285340,76230000,0,0,0,0,76220000,0,0,0,0,54,0,0,0,0,8,0,0,0,0,
20240722,20240719,,cu2408,,23:12:38,76230000,76780000,0,76580000,76350000,76050000,76450000,0,82150000,71400000,23047,151982,8787483350000,148587,0,0,500,381285340,76230000,0,0,0,0,76220000,0,0,0,0,54,0,0,0,0,6,0,0,0,0,
20240722,20240719,,cu2408,,23:12:39,76230000,76780000,0,76580000,76350000,76050000,76450000,0,82150000,71400000,23048,151982,8787864500000,148587,0,0,0,381285340,76230000,0,0,0,0,76220000,0,0,0,0,53,0,0,0,0,6,0,0,0,0,
20240722,20240719,,cu2408,,23:12:39,76230000,76780000,0,76580000,76350000,76050000,76450000,0,82150000,71400000,23049,151982,8788245650000,148586,0,0,500,381285330,76230000,0,0,0,0,76220000,0,0,0,0,52,0,0,0,0,6,0,0,0,0,
20240722,20240719,,cu2408,,23:12:41,76230000,76780000,0,76580000,76350000,76050000,76450000,0,82150000,71400000,23049,151982,8788245650000,148586,0,0,0,381285330,76230000,0,0,0,0,76220000,0,0,0,0,52,0,0,0,0,6,0,0,0,0,
20240722,20240719,,cu2408,,23:12:42,76230000,76780000,0,76580000,76350000,76050000,76450000,0,82150000,71400000,23049,151982,8788245650000,148586,0,0,0,381285330,76230000,0,0,0,0,76220000,0,0,0,0,52,0,0,0,0,6,0,0,0,0,
20240722,20240719,,cu2408,,23:12:42,76230000,76780000,0,76580000,76350000,76050000,76450000,0,82150000,71400000,23049,151982,8788245650000,148586,0,0,500,381285330,76230000,0,0,0,0,76220000,0,0,0,0,52,0,0,0,0,6,0,0,0,0,
20240722,20240719,,cu2408,,23:12:43,76230000,76780000,0,76580000,76350000,76050000,76450000,0,82150000,71400000,23049,151982,8788245650000,148586,0,0,0,381285330,76230000,0,0,0,0,76220000,0,0,0,0,52,0,0,0,0,6,0,0,0,0,
20240722,20240719,,cu2408,,23:12:43,76230000,76780000,0,76580000,76350000,76050000,76450000,0,82150000,71400000,23049,151982,8788245650000,148586,0,0,500,381285330,76230000,0,0,0,0,76220000,0,0,0,0,52,0,0,0,0,6,0,0,0,0,
20240722,20240719,,cu2408,,23:12:44,76230000,76780000,0,76580000,76350000,76050000,76450000,0,82150000,71400000,23049,151982,8788245650000,148586,0,0,500,381285330,76230000,0,0,0,0,76220000,0,0,0,0,52,0,0,0,0,7,0,0,0,0,
20240722,20240719,,cu2408,,23:12:46,76230000,76780000,0,76580000,76350000,76050000,76450000,0,82150000,71400000,23049,151982,8788245650000,148586,0,0,0,381285330,76230000,0,0,0,0,76220000,0,0,0,0,52,0,0,0,0,10,0,0,0,0,
20240722,20240719,,cu2408,,23:12:46,76220000,76780000,0,76580000,76350000,76050000,76450000,0,82150000,71400000,23067,151982,8795105450000,148578,0,0,500,381285180,76240000,0,0,0,0,76220000,0,0,0,0,5,0,0,0,0,2,0,0,0,0,
20240722,20240719,,cu2408,,23:12:47,76220000,76780000,0,76580000,76350000,76050000,76450000,0,82150000,71400000,23080,151982,8800059750000,148572,0,0,0,381285080,76220000,0,0,0,0,76210000,0,0,0,0,39,0,0,0,0,27,0,0,0,0,
20240722,20240719,,cu2408,,23:12:47,76220000,76780000,0,76580000,76350000,76050000,76450000,0,82150000,71400000,23119,151982,8814922650000,148533,0,0,500,381284770,76230000,0,0,0,0,76220000,0,0,0,0,4,0,0,0,0,1,0,0,0,0,
20240722,20240719,,cu2408,,23:12:48,76220000,76780000,0,76580000,76350000,76050000,76450000,0,82150000,71400000,23119,151982,8814922650000,148533,0,0,0,381284770,76230000,0,0,0,0,76220000,0,0,0,0,4,0,0,0,0,2,0,0,0,0,
20240722,20240719,,cu2408,,23:12:48,76220000,76780000,0,76580000,76350000,76050000,76450000,0,82150000,71400000,23120,151982,8815303750000,148533,0,0,500,381284760,76230000,0,0,0,0,76220000,0,0,0,0,4,0,0,0,0,1,0,0,0,0,
20240722,20240719,,cu2408,,23:12:49,76230000,76780000,0,76580000,76350000,76050000,76450000,0,82150000,71400000,23121,151982,8815684900000,148533,0,0,0,381284750,76230000,0,0,0,0,76220000,0,0,0,0,3,0,0,0,0,9,0,0,0,0,
20240722,20240719,,cu2408,,23:12:49,76230000,76780000,0,76580000,76350000,76050000,76450000,0,82150000,71400000,23123,151982,8816447200000,148535,0,0,500,381284740,76230000,0,0,0,0,76220000,0,0,0,0,1,0,0,0,0,9,0,0,0,0,
20240722,20240719,,cu2408,,23:12:50,76230000,76780000,0,76580000,76350000,76050000,76450000,0,82150000,71400000,23123,151982,8816447200000,148535,0,0,0,381284740,76240000,0,0,0,0,76220000,0,0,0,0,12,0,0,0,0,13,0,0,0,0,
20240722,20240719,,cu2408,,23:12:50,76230000,76780000,0,76580000,76350000,76050000,76450000,0,82150000,71400000,23123,151982,8816447200000,148535,0,0,500,381284740,76240000,0,0,0,0,76220000,0,0,0,0,10,0,0,0,0,10,0,0,0,0,
20240722,20240719,,cu2408,,23:12:51,76230000,76780000,0,76580000,76350000,76050000,76450000,0,82150000,71400000,23123,151982,8816447200000,148535,0,0,0,381284740,76240000,0,0,0,0,76220000,0,0,0,0,10,0,0,0,0,25,0,0,0,0,
20240722,20240719,,cu2408,,23:12:51,76230000,76780000,0,76580000,76350000,76050000,76450000,0,82150000,71400000,23123,151982,8816447200000,148535,0,0,500,381284740,76240000,0,0,0,0,76220000,0,0,0,0,10,0,0,0,0,24,0,0,0,0,
20240722,20240719,,cu2408,,23:12:52,76230000,76780000,0,76580000,76350000,76050000,76450000,0,82150000,71400000,23123,151982,8816447200000,148535,0,0,0,381284740,76240000,0,0,0,0,76220000,0,0,0,0,10,0,0,0,0,29,0,0,0,0,
20240722,20240719,,cu2408,,23:12:52,76230000,76780000,0,76580000,76350000,76050000,76450000,0,82150000,71400000,23123,151982,8816447200000,148535,0,0,500,381284740,76240000,0,0,0,0,76220000,0,0,0,0,10,0,0,0,0,30,0,0,0,0,
20240722,20240719,,cu2408,,23:12:54,76230000,76780000,0,76580000,76350000,76050000,76450000,0,82150000,71400000,23123,151982,8816447200000,148535,0,0,500,381284740,76240000,0,0,0,0,76220000,0,0,0,0,8,0,0,0,0,30,0,0,0,0,
20240722,20240719,,cu2408,,23:12:55,76230000,76780000,0,76580000,76350000,76050000,76450000,0,82150000,71400000,23123,151982,8816447200000,148535,0,0,0,381284740,76240000,0,0,0,0,76220000,0,0,0,0,10,0,0,0,0,30,0,0,0,0,
20240722,20240719,,cu2408,,23:12:57,76230000,76780000,0,76580000,76350000,76050000,76450000,0,82150000,71400000,23123,151982,8816447200000,148535,0,0,0,381284740,76240000,0,0,0,0,76220000,0,0,0,0,10,0,0,0,0,40,0,0,0,0,
20240722,20240719,,cu2408,,23:13:07,76230000,76780000,0,76580000,76350000,76050000,76450000,0,82150000,71400000,23123,151982,8816447200000,148535,0,0,0,381284740,76240000,0,0,0,0,76220000,0,0,0,0,10,0,0,0,0,16,0,0,0,0,
20240722,20240719,,cu2408,,23:13:07,76230000,76780000,0,76580000,76350000,76050000,76450000,0,82150000,71400000,23123,151982,8816447200000,148535,0,0,500,381284740,76240000,0,0,0,0,76220000,0,0,0,0,10,0,0,0,0,18,0,0,0,0,
20240722,20240719,,cu2408,,23:13:08,76230000,76780000,0,76580000,76350000,76050000,76450000,0,82150000,71400000,23123,151982,8816447200000,148535,0,0,500,381284740,76230000,0,0,0,0,76220000,0,0,0,0,2,0,0,0,0,13,0,0,0,0,
20240722,20240719,,cu2408,,23:13:09,76230000,76780000,0,76580000,76350000,76050000,76450000,0,82150000,71400000,23123,151982,8816447200000,148535,0,0,0,381284740,76230000,0,0,0,0,76220000,0,0,0,0,14,0,0,0,0,13,0,0,0,0,
20240722,20240719,,cu2408,,23:13:09,76230000,76780000,0,76580000,76350000,76050000,76450000,0,82150000,71400000,23123,151982,8816447200000,148535,0,0,500,381284740,76230000,0,0,0,0,76220000,0,0,0,0,14,0,0,0,0,13,0,0,0,0,
20240722,20240719,,cu2408,,23:13:10,76230000,76780000,0,76580000,76350000,76050000,76450000,0,82150000,71400000,23123,151982,8816447200000,148535,0,0,0,381284740,76230000,0,0,0,0,76220000,0,0,0,0,10,0,0,0,0,13,0,0,0,0,
20240722,20240719,,cu2408,,23:13:10,76230000,76780000,0,76580000,76350000,76050000,76450000,0,82150000,71400000,23123,151982,8816447200000,148535,0,0,500,381284740,76230000,0,0,0,0,76220000,0,0,0,0,12,0,0,0,0,13,0,0,0,0,
20240722,20240719,,cu2408,,23:13:11,76230000,76780000,0,76580000,76350000,76050000,76450000,0,82150000,71400000,23123,151982,8816447200000,148535,0,0,0,381284740,76230000,0,0,0,0,76220000,0,0,0,0,8,0,0,0,0,12,0,0,0,0,
20240722,20240719,,cu2408,,23:13:11,76230000,76780000,0,76580000,76350000,76050000,76450000,0,82150000,71400000,23123,151982,8816447200000,148535,0,0,500,381284740,76230000,0,0,0,0,76220000,0,0,0,0,15,0,0,0,0,12,0,0,0,0,
20240722,20240719,,cu2408,,23:13:12,76220000,76780000,0,76580000,76350000,76050000,76450000,0,82150000,71400000,23135,151982,8821020400000,148523,0,0,0,381284650,76220000,0,0,0,0,76210000,0,0,0,0,24,0,0,0,0,27,0,0,0,0,
20240722,20240719,,cu2408,,23:13:12,76210000,76780000,0,76580000,76350000,76050000,76450000,0,82150000,71400000,23136,151982,8821401450000,148523,0,0,500,381284640,76220000,0,0,0,0,76210000,0,0,0,0,27,0,0,0,0,26,0,0,0,0,
20240722,20240719,,cu2408,,23:13:13,76210000,76780000,0,76580000,76350000,76050000,76450000,0,82150000,71400000,23137,151982,8821782500000,148522,0,0,0,381284630,76220000,0,0,0,0,76210000,0,0,0,0,27,0,0,0,0,25,0,0,0,0,
20240722,20240719,,cu2408,,23:13:13,76210000,76780000,0,76580000,76350000,76050000,76450000,0,82150000,71400000,23142,151982,8823687750000,148520,0,0,500,381284580,76220000,0,0,0,0,76210000,0,0,0,0,29,0,0,0,0,20,0,0,0,0,
20240722,20240719,,cu2408,,23:13:14,76200000,76780000,0,76580000,76350000,76050000,76450000,0,82150000,71400000,23164,151982,8832070750000,148536,0,0,0,381284350,76220000,0,0,0,0,76200000,0,0,0,0,29,0,0,0,0,65,0,0,0,0,
20240722,20240719,,cu2408,,23:13:14,76210000,76780000,0,76580000,76350000,76050000,76450000,0,82150000,71400000,23166,151982,8832832800000,148536,0,0,500,381284330,76210000,0,0,0,0,76200000,0,0,0,0,6,0,0,0,0,64,0,0,0,0,
20240722,20240719,,cu2408,,23:13:15,76210000,76780000,0,76580000,76350000,76050000,76450000,0,82150000,71400000,23166,151982,8832832800000,148536,0,0,0,381284330,76210000,0,0,0,0,76200000,0,0,0,0,7,0,0,0,0,64,0,0,0,0,
20240722,20240719,,cu2408,,23:13:15,76210000,76780000,0,76580000,76350000,76050000,76450000,0,82150000,71400000,23166,151982,8832832800000,148536,0,0,500,381284330,76210000,0,0,0,0,76200000,0,0,0,0,3,0,0,0,0,64,0,0,0,0,
20240722,20240719,,cu2408,,23:13:16,76200000,76780000,0,76580000,76350000,76050000,76450000,0,82150000,71400000,23167,151982,8833213800000,148536,0,0,0,381284310,76210000,0,0,0,0,76200000,0,0,0,0,3,0,0,0,0,63,0,0,0,0,
20240722,20240719,,cu2408,,23:13:16,76200000,76780000,0,76580000,76350000,76050000,76450000,0,82150000,71400000,23167,151982,8833213800000,148536,0,0,500,381284310,76210000,0,0,0,0,76200000,0,0,0,0,3,0,0,0,0,72,0,0,0,0,
20240722,20240719,,cu2408,,23:13:17,76210000,76780000,0,76580000,76350000,76050000,76450000,0,82150000,71400000,23168,151982,8833594850000,148535,0,0,0,381284300,76210000,0,0,0,0,76200000,0,0,0,0,2,0,0,0,0,68,0,0,0,0,
20240722,20240719,,cu2408,,23:13:17,76210000,76780000,0,76580000,76350000,76050000,76450000,0,82150000,71400000,23168,151982,8833594850000,148535,0,0,500,381284300,76210000,0,0,0,0,76200000,0,0,0,0,2,0,0,0,0,72,0,0,0,0,
20240722,20240719,,cu2408,,23:13:18,76210000,76780000,0,76580000,76350000,76050000,76450000,0,82150000,71400000,23168,151982,8833594850000,148535,0,0,0,381284300,76210000,0,0,0,0,76200000,0,0,0,0,2,0,0,0,0,63,0,0,0,0,
20240722,20240719,,cu2408,,23:13:18,76210000,76780000,0,76580000,76350000,76050000,76450000,0,82150000,71400000,23168,151982,8833594850000,148535,0,0,500,381284300,76210000,0,0,0,0,76200000,0,0,0,0,2,0,0,0,0,63,0,0,0,0,
20240722,20240719,,cu2408,,23:13:19,76200000,76780000,0,76580000,76350000,76050000,76450000,0,82150000,71400000,23169,151982,8833975850000,148534,0,0,0,381284290,76210000,0,0,0,0,76200000,0,0,0,0,2,0,0,0,0,62,0,0,0,0,
20240722,20240719,,cu2408,,23:13:19,76210000,76780000,0,76580000,76350000,76050000,76450000,0,82150000,71400000,23171,151982,8834737950000,148533,0,0,500,381284270,76210000,0,0,0,0,76200000,0,0,0,0,4,0,0,0,0,62,0,0,0,0,
20240722,20240719,,cu2408,,23:13:20,76210000,76780000,0,76580000,76350000,76050000,76450000,0,82150000,71400000,23171,151982,8834737950000,148533,0,0,0,381284270,76210000,0,0,0,0,76200000,0,0,0,0,11,0,0,0,0,62,0,0,0,0,
20240722,20240719,,cu2408,,23:13:20,76200000,76780000,0,76580000,76350000,76050000,76450000,0,82150000,71400000,23172,151982,8835118950000,148533,0,0,500,381284260,76210000,0,0,0,0,76200000,0,0,0,0,7,0,0,0,0,61,0,0,0,0,
20240722,20240719,,cu2408,,23:13:21,76210000,76780000,0,76580000,76350000,76050000,76450000,0,82150000,71400000,23176,151982,8836643150000,148533,0,0,0,381284220,76210000,0,0,0,0,76200000,0,0,0,0,3,0,0,0,0,61,0,0,0,0,
20240722,20240719,,cu2408,,23:13:21,76200000,76780000,0,76580000,76350000,76050000,76450000,0,82150000,71400000,23230,151982,8857217150000,148557,0,0,500,381283560,76210000,0,0,0,0,76200000,0,0,0,0,19,0,0,0,0,7,0,0,0,0,
20240722,20240719,,cu2408,,23:13:22,76200000,76780000,0,76580000,76350000,76050000,76450000,0,82150000,71400000,23237,151982,8859884150000,148560,0,0,0,381283470,76200000,0,0,0,0,76190000,0,0,0,0,28,0,0,0,0,1,0,0,0,0,
20240722,20240719,,cu2408,,23:13:22,76190000,76780000,0,76580000,76350000,76050000,76450000,0,82150000,71400000,23238,151982,8860265100000,148559,0,0,500,381283460,76200000,0,0,0,0,76180000,0,0,0,0,12,0,0,0,0,20,0,0,0,0,
20240722,20240719,,cu2408,,23:13:23,76190000,76780000,0,76580000,76350000,76050000,76450000,0,82150000,71400000,23239,151982,8860646050000,148558,0,0,0,381283440,76200000,0,0,0,0,76190000,0,0,0,0,13,0,0,0,0,4,0,0,0,0,
20240722,20240719,,cu2408,,23:13:23,76190000,76780000,0,76580000,76350000,76050000,76450000,0,82150000,71400000,23239,151982,8860646050000,148558,0,0,500,381283440,76200000,0,0,0,0,76190000,0,0,0,0,4,0,0,0,0,4,0,0,0,0,
20240722,20240719,,cu2408,,23:13:24,76190000,76780000,0,76580000,76350000,76050000,76450000,0,82150000,71400000,23241,151982,8861407950000,148558,0,0,0,381283420,76190000,0,0,0,0,76180000,0,0,0,0,175,0,0,0,0,21,0,0,0,0,
20240722,20240719,,cu2408,,23:13:24,76190000,76780000,0,76580000,76350000,76050000,76450000,0,82150000,71400000,23321,151982,8891883950000,148478,0,0,500,381282270,76190000,0,0,0,0,76180000,0,0,0,0,95,0,0,0,0,22,0,0,0,0,
20240722,20240719,,cu2408,,23:13:25,76190000,76780000,0,76580000,76350000,76050000,76450000,0,82150000,71400000,23324,151982,8893026800000,148478,0,0,0,381282230,76190000,0,0,0,0,76180000,0,0,0,0,92,0,0,0,0,17,0,0,0,0,
20240722,20240719,,cu2408,,23:13:25,76190000,76780000,0,76580000,76350000,76050000,76450000,0,82150000,71400000,23324,151982,8893026800000,148478,0,0,500,381282230,76190000,0,0,0,0,76180000,0,0,0,0,92,0,0,0,0,16,0,0,0,0,
20240722,20240719,,cu2408,,23:13:26,76180000,76780000,0,76580000,76350000,76050000,76450000,0,82150000,71400000,23325,151982,8893407700000,148479,0,0,0,381282210,76190000,0,0,0,0,76180000,0,0,0,0,92,0,0,0,0,15,0,0,0,0,
20240722,20240719,,cu2408,,23:13:26,76180000,76780000,0,76580000,76350000,76050000,76450000,0,82150000,71400000,23325,151982,8893407700000,148479,0,0,500,381282210,76190000,0,0,0,0,76180000,0,0,0,0,92,0,0,0,0,40,0,0,0,0,
20240722,20240719,,cu2408,,23:13:27,76190000,76780000,0,76580000,76350000,76050000,76450000,0,82150000,71400000,23326,151982,8893788650000,148479,0,0,0,381282200,76190000,0,0,0,0,76180000,0,0,0,0,91,0,0,0,0,20,0,0,0,0,
20240722,20240719,,cu2408,,23:13:28,76180000,76780000,0,76580000,76350000,76050000,76450000,0,82150000,71400000,23328,151982,8894550500000,148478,0,0,0,381282170,76190000,0,0,0,0,76180000,0,0,0,0,90,0,0,0,0,14,0,0,0,0,
20240722,20240719,,cu2408,,23:13:28,76180000,76780000,0,76580000,76350000,76050000,76450000,0,82150000,71400000,23328,151982,8894550500000,148478,0,0,500,381282170,76190000,0,0,0,0,76180000,0,0,0,0,92,0,0,0,0,14,0,0,0,0,
20240722,20240719,,cu2408,,23:13:29,76180000,76780000,0,76580000,76350000,76050000,76450000,0,82150000,71400000,23328,151982,8894550500000,148478,0,0,500,381282170,76190000,0,0,0,0,76180000,0,0,0,0,92,0,0,0,0,16,0,0,0,0,
20240722,20240719,,cu2408,,23:13:30,76180000,76780000,0,76580000,76350000,76050000,76450000,0,82150000,71400000,23328,151982,8894550500000,148478,0,0,0,381282170,76190000,0,0,0,0,76180000,0,0,0,0,92,0,0,0,0,38,0,0,0,0,
20240722,20240719,,cu2408,,23:13:30,76190000,76780000,0,76580000,76350000,76050000,76450000,0,82150000,71400000,23340,151982,8899121900000,148466,0,0,500,381282000,76190000,0,0,0,0,76180000,0,0,0,0,80,0,0,0,0,39,0,0,0,0,
20240722,20240719,,cu2408,,23:13:31,76190000,76780000,0,76580000,76350000,76050000,76450000,0,82150000,71400000,23398,151982,8921217000000,148414,0,0,0,381281170,76190000,0,0,0,0,76180000,0,0,0,0,22,0,0,0,0,39,0,0,0,0,
20240722,20240719,,cu2408,,23:13:31,76210000,76780000,0,76580000,76350000,76050000,76450000,0,82150000,71400000,23430,151982,8933408000000,148414,0,0,500,381280750,76210000,0,0,0,0,76190000,0,0,0,0,10,0,0,0,0,17,0,0,0,0,
20240722,20240719,,cu2408,,23:13:32,76220000,76780000,0,76580000,76350000,76050000,76450000,0,82150000,71400000,23437,151982,8936075450000,148411,0,0,0,381280680,76220000,0,0,0,0,76210000,0,0,0,0,18,0,0,0,0,2,0,0,0,0,
20240722,20240719,,cu2408,,23:13:32,76210000,76780000,0,76580000,76350000,76050000,76450000,0,82150000,71400000,23442,151982,8937980700000,148408,0,0,500,381280630,76220000,0,0,0,0,76210000,0,0,0,0,2,0,0,0,0,2,0,0,0,0,
20240722,20240719,,cu2408,,23:13:33,76210000,76780000,0,76580000,76350000,76050000,76450000,0,82150000,71400000,23442,151982,8937980700000,148408,0,0,0,381280630,76220000,0,0,0,0,76210000,0,0,0,0,18,0,0,0,0,2,0,0,0,0,
20240722,20240719,,cu2408,,23:13:33,76210000,76780000,0,76580000,76350000,76050000,76450000,0,82150000,71400000,23444,151982,8938742800000,148407,0,0,500,381280610,76210000,0,0,0,0,76190000,0,0,0,0,1,0,0,0,0,11,0,0,0,0,
20240722,20240719,,cu2408,,23:13:34,76210000,76780000,0,76580000,76350000,76050000,76450000,0,82150000,71400000,23444,151982,8938742800000,148407,0,0,0,381280610,76210000,0,0,0,0,76200000,0,0,0,0,1,0,0,0,0,3,0,0,0,0,
20240722,20240719,,cu2408,,23:13:34,76210000,76780000,0,76580000,76350000,76050000,76450000,0,82150000,71400000,23444,151982,8938742800000,148407,0,0,500,381280610,76220000,0,0,0,0,76200000,0,0,0,0,16,0,0,0,0,7,0,0,0,0,
20240722,20240719,,cu2408,,23:13:35,76210000,76780000,0,76580000,76350000,76050000,76450000,0,82150000,71400000,23444,151982,8938742800000,148407,0,0,0,381280610,76220000,0,0,0,0,76200000,0,0,0,0,12,0,0,0,0,7,0,0,0,0,
20240722,20240719,,cu2408,,23:13:36,76210000,76780000,0,76580000,76350000,76050000,76450000,0,82150000,71400000,23444,151982,8938742800000,148407,0,0,0,381280610,76220000,0,0,0,0,76200000,0,0,0,0,12,0,0,0,0,7,0,0,0,0,
20240722,20240719,,cu2408,,23:13:36,76210000,76780000,0,76580000,76350000,76050000,76450000,0,82150000,71400000,23444,151982,8938742800000,148407,0,0,500,381280610,76220000,0,0,0,0,76200000,0,0,0,0,12,0,0,0,0,7,0,0,0,0,
20240722,20240719,,cu2408,,23:13:37,76210000,76780000,0,76580000,76350000,76050000,76450000,0,82150000,71400000,23444,151982,8938742800000,148407,0,0,500,381280610,76210000,0,0,0,0,76200000,0,0,0,0,3,0,0,0,0,7,0,0,0,0,
20240722,20240719,,cu2408,,23:13:38,76210000,76780000,0,76580000,76350000,76050000,76450000,0,82150000,71400000,23444,151982,8938742800000,148407,0,0,0,381280610,76210000,0,0,0,0,76200000,0,0,0,0,3,0,0,0,0,7,0,0,0,0,
20240722,20240719,,cu2408,,23:13:38,76210000,76780000,0,76580000,76350000,76050000,76450000,0,82150000,71400000,23444,151982,8938742800000,148407,0,0,500,381280610,76210000,0,0,0,0,76200000,0,0,0,0,3,0,0,0,0,7,0,0,0,0,
20240722,20240719,,cu2408,,23:13:39,76210000,76780000,0,76580000,76350000,76050000,76450000,0,82150000,71400000,23447,151982,8939885950000,148404,0,0,0,381280580,76220000,0,0,0,0,76210000,0,0,0,0,12,0,0,0,0,15,0,0,0,0,
20240722,20240719,,cu2408,,23:13:39,76210000,76780000,0,76580000,76350000,76050000,76450000,0,82150000,71400000,23458,151982,8944077500000,148394,0,0,500,381280480,76220000,0,0,0,0,76210000,0,0,0,0,12,0,0,0,0,4,0,0,0,0,
20240722,20240719,,cu2408,,23:13:40,76210000,76780000,0,76580000,76350000,76050000,76450000,0,82150000,71400000,23461,151982,8945220650000,148391,0,0,0,381280450,76220000,0,0,0,0,76210000,0,0,0,0,12,0,0,0,0,1,0,0,0,0,
20240722,20240719,,cu2408,,23:13:40,76210000,76780000,0,76580000,76350000,76050000,76450000,0,82150000,71400000,23462,151982,8945601700000,148390,0,0,500,381280440,76210000,0,0,0,0,76200000,0,0,0,0,1,0,0,0,0,7,0,0,0,0,
20240722,20240719,,cu2408,,23:13:41,76210000,76780000,0,76580000,76350000,76050000,76450000,0,82150000,71400000,23462,151982,8945601700000,148390,0,0,0,381280440,76210000,0,0,0,0,76200000,0,0,0,0,4,0,0,0,0,4,0,0,0,0,
20240722,20240719,,cu2408,,23:13:41,76210000,76780000,0,76580000,76350000,76050000,76450000,0,82150000,71400000,23462,151982,8945601700000,148390,0,0,500,381280440,76210000,0,0,0,0,76200000,0,0,0,0,4,0,0,0,0,4,0,0,0,0,
20240722,20240719,,cu2408,,23:13:42,76210000,76780000,0,76580000,76350000,76050000,76450000,0,82150000,71400000,23462,151982,8945601700000,148390,0,0,0,381280440,76210000,0,0,0,0,76200000,0,0,0,0,4,0,0,0,0,4,0,0,0,0,
20240722,20240719,,cu2408,,23:13:43,76210000,76780000,0,76580000,76350000,76050000,76450000,0,82150000,71400000,23462,151982,8945601700000,148390,0,0,0,381280440,76210000,0,0,0,0,76200000,0,0,0,0,4,0,0,0,0,4,0,0,0,0,
20240722,20240719,,cu2408,,23:13:43,76210000,76780000,0,76580000,76350000,76050000,76450000,0,82150000,71400000,23462,151982,8945601700000,148390,0,0,500,381280440,76210000,0,0,0,0,76200000,0,0,0,0,9,0,0,0,0,4,0,0,0,0,
20240722,20240719,,cu2408,,23:13:44,76210000,76780000,0,76580000,76350000,76050000,76450000,0,82150000,71400000,23462,151982,8945601700000,148390,0,0,0,381280440,76210000,0,0,0,0,76200000,0,0,0,0,5,0,0,0,0,4,0,0,0,0,
20240722,20240719,,cu2408,,23:13:46,76210000,76780000,0,76580000,76350000,76050000,76450000,0,82150000,71400000,23464,151982,8946363750000,148391,0,0,500,381280410,76210000,0,0,0,0,76200000,0,0,0,0,6,0,0,0,0,1,0,0,0,0,
20240722,20240719,,cu2408,,23:13:47,76210000,76780000,0,76580000,76350000,76050000,76450000,0,82150000,71400000,23464,151982,8946363750000,148391,0,0,0,381280410,76210000,0,0,0,0,76200000,0,0,0,0,10,0,0,0,0,1,0,0,0,0,
20240722,20240719,,cu2408,,23:13:47,76210000,76780000,0,76580000,76350000,76050000,76450000,0,82150000,71400000,23464,151982,8946363750000,148391,0,0,500,381280410,76210000,0,0,0,0,76200000,0,0,0,0,10,0,0,0,0,1,0,0,0,0,
20240722,20240719,,cu2408,,23:13:49,76210000,76780000,0,76580000,76350000,76050000,76450000,0,82150000,71400000,23464,151982,8946363750000,148391,0,0,500,381280410,76210000,0,0,0,0,76200000,0,0,0,0,14,0,0,0,0,1,0,0,0,0,
20240722,20240719,,cu2408,,23:13:53,76210000,76780000,0,76580000,76350000,76050000,76450000,0,82150000,71400000,23464,151982,8946363750000,148391,0,0,0,381280410,76210000,0,0,0,0,76200000,0,0,0,0,14,0,0,0,0,1,0,0,0,0,
20240722,20240719,,cu2408,,23:13:53,76210000,76780000,0,76580000,76350000,76050000,76450000,0,82150000,71400000,23464,151982,8946363750000,148391,0,0,500,381280410,76210000,0,0,0,0,76200000,0,0,0,0,14,0,0,0,0,1,0,0,0,0,
20240722,20240719,,cu2408,,23:13:55,76210000,76780000,0,76580000,76350000,76050000,76450000,0,82150000,71400000,23465,151982,8946744800000,148390,0,0,500,381280410,76210000,0,0,0,0,76200000,0,0,0,0,13,0,0,0,0,1,0,0,0,0,
20240722,20240719,,cu2408,,23:13:57,76210000,76780000,0,76580000,76350000,76050000,76450000,0,82150000,71400000,23465,151982,8946744800000,148390,0,0,500,381280410,76210000,0,0,0,0,76200000,0,0,0,0,9,0,0,0,0,1,0,0,0,0,
20240722,20240719,,cu2408,,23:13:58,76210000,76780000,0,76580000,76350000,76050000,76450000,0,82150000,71400000,23465,151982,8946744800000,148390,0,0,0,381280410,76210000,0,0,0,0,76200000,0,0,0,0,5,0,0,0,0,1,0,0,0,0,
20240722,20240719,,cu2408,,23:13:58,76210000,76780000,0,76580000,76350000,76050000,76450000,0,82150000,71400000,23466,151982,8947125850000,148390,0,0,500,381280400,76210000,0,0,0,0,76200000,0,0,0,0,4,0,0,0,0,1,0,0,0,0,
20240722,20240719,,cu2408,,23:13:59,76210000,76780000,0,76580000,76350000,76050000,76450000,0,82150000,71400000,23466,151982,8947125850000,148390,0,0,0,381280400,76210000,0,0,0,0,76200000,0,0,0,0,3,0,0,0,0,1,0,0,0,0,
20240722,20240719,,cu2408,,23:14:00,76200000,76780000,0,76580000,76350000,76050000,76450000,0,82150000,71400000,23467,151982,8947506850000,148391,0,0,500,381280380,76210000,0,0,0,0,76190000,0,0,0,0,3,0,0,0,0,5,0,0,0,0,
20240722,20240719,,cu2408,,23:14:01,76200000,76780000,0,76580000,76350000,76050000,76450000,0,82150000,71400000,23467,151982,8947506850000,148391,0,0,0,381280380,76210000,0,0,0,0,76190000,0,0,0,0,5,0,0,0,0,12,0,0,0,0,
