TradingDay,ActionDay,ExchangeId,StockCode,StockName,UpdateTime,LastPrice,PreSettlePrice,SettlePrice,PreClosePrice,OpenPrice,LowPrice,HighPrice,ClosePrice,UpperLimitPrice,LowerLimitPrice,Volume,PreOpenInterest,TurnOver,OpenInterest,PreDelta,CurrDelta,UpdateMillisec,AveragePrice,SellPrice1,SellPrice2,SellPrice3,SellPrice4,SellPrice5,BuyPrice1,BuyPrice2,BuyPrice3,BuyPrice4,BuyPrice5,SellQuantity1,SellQuantity2,SellQuantity3,SellQuantity4,SellQuantity5,BuyQuantity1,BuyQuantity2,BuyQuantity3,BuyQuantity4,BuyQuantity5,
20240729,20240729,,cu2408,,13:39:18,74070000,74030000,0,74010000,74110000,73990000,74670000,0,79210000,68840000,23845,93003,8847647300000,86158,0,0,0,371048320,74080000,0,0,0,0,74070000,0,0,0,0,20,0,0,0,0,9,0,0,0,0,
20240729,20240729,,cu2408,,13:39:20,74070000,74030000,0,74010000,74110000,73990000,74670000,0,79210000,68840000,23845,93003,8847647300000,86158,0,0,500,371048320,74080000,0,0,0,0,74070000,0,0,0,0,20,0,0,0,0,8,0,0,0,0,
20240729,20240729,,cu2408,,13:39:21,74070000,74030000,0,74010000,74110000,73990000,74670000,0,79210000,68840000,23845,93003,8847647300000,86158,0,0,0,371048320,74080000,0,0,0,0,74070000,0,0,0,0,20,0,0,0,0,6,0,0,0,0,
20240729,20240729,,cu2408,,13:39:21,74070000,74030000,0,74010000,74110000,73990000,74670000,0,79210000,68840000,23845,93003,8847647300000,86158,0,0,500,371048320,74080000,0,0,0,0,74070000,0,0,0,0,20,0,0,0,0,6,0,0,0,0,
20240729,20240729,,cu2408,,13:39:22,74070000,74030000,0,74010000,74110000,73990000,74670000,0,79210000,68840000,23845,93003,8847647300000,86158,0,0,0,371048320,74080000,0,0,0,0,74070000,0,0,0,0,20,0,0,0,0,9,0,0,0,0,
20240729,20240729,,cu2408,,13:39:23,74070000,74030000,0,74010000,74110000,73990000,74670000,0,79210000,68840000,23845,93003,8847647300000,86158,0,0,0,371048320,74080000,0,0,0,0,74070000,0,0,0,0,20,0,0,0,0,7,0,0,0,0,
20240729,20240729,,cu2408,,13:39:25,74080000,74030000,0,74010000,74110000,73990000,74670000,0,79210000,68840000,23850,93003,8849499300000,86154,0,0,0,371048180,74080000,0,0,0,0,74070000,0,0,0,0,15,0,0,0,0,11,0,0,0,0,
20240729,20240729,,cu2408,,13:39:25,74070000,74030000,0,74010000,74110000,73990000,74670000,0,79210000,68840000,23862,93003,8853944050000,86146,0,0,500,371047860,74080000,0,0,0,0,74070000,0,0,0,0,4,0,0,0,0,13,0,0,0,0,
20240729,20240729,,cu2408,,13:39:26,74080000,74030000,0,74010000,74110000,73990000,74670000,0,79210000,68840000,23866,93003,8855425650000,86146,0,0,0,371047750,74090000,0,0,0,0,74070000,0,0,0,0,2,0,0,0,0,14,0,0,0,0,
20240729,20240729,,cu2408,,13:39:26,74080000,74030000,0,74010000,74110000,73990000,74670000,0,79210000,68840000,23866,93003,8855425650000,86146,0,0,500,371047750,74090000,0,0,0,0,74070000,0,0,0,0,2,0,0,0,0,14,0,0,0,0,
20240729,20240729,,cu2408,,13:39:27,74080000,74030000,0,74010000,74110000,73990000,74670000,0,79210000,68840000,23866,93003,8855425650000,86146,0,0,0,371047750,74090000,0,0,0,0,74070000,0,0,0,0,2,0,0,0,0,14,0,0,0,0,
20240729,20240729,,cu2408,,13:39:30,74080000,74030000,0,74010000,74110000,73990000,74670000,0,79210000,68840000,23866,93003,8855425650000,86146,0,0,500,371047750,74090000,0,0,0,0,74080000,0,0,0,0,2,0,0,0,0,3,0,0,0,0,
20240729,20240729,,cu2408,,13:39:31,74080000,74030000,0,74010000,74110000,73990000,74670000,0,79210000,68840000,23866,93003,8855425650000,86146,0,0,0,371047750,74090000,0,0,0,0,74080000,0,0,0,0,2,0,0,0,0,4,0,0,0,0,
20240729,20240729,,cu2408,,13:39:35,74090000,74030000,0,74010000,74110000,73990000,74670000,0,79210000,68840000,23868,93003,8856166550000,86148,0,0,500,371047700,74100000,0,0,0,0,74090000,0,0,0,0,8,0,0,0,0,18,0,0,0,0,
20240729,20240729,,cu2408,,13:39:36,74090000,74030000,0,74010000,74110000,73990000,74670000,0,79210000,68840000,23868,93003,8856166550000,86148,0,0,0,371047700,74100000,0,0,0,0,74090000,0,0,0,0,8,0,0,0,0,19,0,0,0,0,
20240729,20240729,,cu2408,,13:39:38,74090000,74030000,0,74010000,74110000,73990000,74670000,0,79210000,68840000,23868,93003,8856166550000,86148,0,0,0,371047700,74100000,0,0,0,0,74090000,0,0,0,0,8,0,0,0,0,19,0,0,0,0,
20240729,20240729,,cu2408,,13:39:41,74090000,74030000,0,74010000,74110000,73990000,74670000,0,79210000,68840000,23868,93003,8856166550000,86148,0,0,0,371047700,74100000,0,0,0,0,74090000,0,0,0,0,8,0,0,0,0,19,0,0,0,0,
20240729,20240729,,cu2408,,13:39:42,74090000,74030000,0,74010000,74110000,73990000,74670000,0,79210000,68840000,23868,93003,8856166550000,86148,0,0,0,371047700,74100000,0,0,0,0,74090000,0,0,0,0,7,0,0,0,0,19,0,0,0,0,
20240729,20240729,,cu2408,,13:39:44,74090000,74030000,0,74010000,74110000,73990000,74670000,0,79210000,68840000,23871,93003,8857277900000,86148,0,0,0,371047620,74100000,0,0,0,0,74090000,0,0,0,0,10,0,0,0,0,16,0,0,0,0,
20240729,20240729,,cu2408,,13:39:44,74090000,74030000,0,74010000,74110000,73990000,74670000,0,79210000,68840000,23873,93003,8858018800000,86148,0,0,500,371047570,74100000,0,0,0,0,74090000,0,0,0,0,7,0,0,0,0,14,0,0,0,0,
20240729,20240729,,cu2408,,13:39:45,74090000,74030000,0,74010000,74110000,73990000,74670000,0,79210000,68840000,23873,93003,8858018800000,86148,0,0,0,371047570,74100000,0,0,0,0,74090000,0,0,0,0,4,0,0,0,0,14,0,0,0,0,
20240729,20240729,,cu2408,,13:39:46,74090000,74030000,0,74010000,74110000,73990000,74670000,0,79210000,68840000,23873,93003,8858018800000,86148,0,0,0,371047570,74100000,0,0,0,0,74090000,0,0,0,0,3,0,0,0,0,14,0,0,0,0,
20240729,20240729,,cu2408,,13:39:46,74090000,74030000,0,74010000,74110000,73990000,74670000,0,79210000,68840000,23873,93003,8858018800000,86148,0,0,500,371047570,74100000,0,0,0,0,74090000,0,0,0,0,3,0,0,0,0,13,0,0,0,0,
20240729,20240729,,cu2408,,13:39:47,74100000,74030000,0,74010000,74110000,73990000,74670000,0,79210000,68840000,23874,93003,8858389300000,86147,0,0,0,371047550,74100000,0,0,0,0,74090000,0,0,0,0,2,0,0,0,0,13,0,0,0,0,
20240729,20240729,,cu2408,,13:39:50,74100000,74030000,0,74010000,74110000,73990000,74670000,0,79210000,68840000,23875,93003,8858759800000,86147,0,0,500,371047530,74100000,0,0,0,0,74090000,0,0,0,0,1,0,0,0,0,13,0,0,0,0,
20240729,20240729,,cu2408,,13:39:51,74100000,74030000,0,74010000,74110000,73990000,74670000,0,79210000,68840000,23875,93003,8858759800000,86147,0,0,0,371047530,74100000,0,0,0,0,74090000,0,0,0,0,1,0,0,0,0,13,0,0,0,0,
20240729,20240729,,cu2408,,13:39:51,74100000,74030000,0,74010000,74110000,73990000,74670000,0,79210000,68840000,23875,93003,8858759800000,86147,0,0,500,371047530,74100000,0,0,0,0,74090000,0,0,0,0,1,0,0,0,0,41,0,0,0,0,
20240729,20240729,,cu2408,,13:39:52,74100000,74030000,0,74010000,74110000,73990000,74670000,0,79210000,68840000,23875,93003,8858759800000,86147,0,0,0,371047530,74100000,0,0,0,0,74090000,0,0,0,0,3,0,0,0,0,41,0,0,0,0,
20240729,20240729,,cu2408,,13:39:52,74100000,74030000,0,74010000,74110000,73990000,74670000,0,79210000,68840000,23875,93003,8858759800000,86147,0,0,500,371047530,74100000,0,0,0,0,74090000,0,0,0,0,3,0,0,0,0,42,0,0,0,0,
20240729,20240729,,cu2408,,13:39:58,74100000,74030000,0,74010000,74110000,73990000,74670000,0,79210000,68840000,23875,93003,8858759800000,86147,0,0,500,371047530,74100000,0,0,0,0,74090000,0,0,0,0,4,0,0,0,0,42,0,0,0,0,
20240729,20240729,,cu2408,,13:40:00,74090000,74030000,0,74010000,74110000,73990000,74670000,0,79210000,68840000,23885,93003,8862464300000,86147,0,0,500,371047280,74100000,0,0,0,0,74090000,0,0,0,0,4,0,0,0,0,32,0,0,0,0,
20240729,20240729,,cu2408,,13:40:02,74100000,74030000,0,74010000,74110000,73990000,74670000,0,79210000,68840000,23889,93003,8863946300000,86147,0,0,0,371047190,74110000,0,0,0,0,74100000,0,0,0,0,10,0,0,0,0,16,0,0,0,0,
20240729,20240729,,cu2408,,13:40:02,74100000,74030000,0,74010000,74110000,73990000,74670000,0,79210000,68840000,23901,93003,8868392300000,86142,0,0,500,371046910,74110000,0,0,0,0,74100000,0,0,0,0,18,0,0,0,0,4,0,0,0,0,
20240729,20240729,,cu2408,,13:40:03,74100000,74030000,0,74010000,74110000,73990000,74670000,0,79210000,68840000,23905,93003,8869874300000,86138,0,0,0,371046820,74100000,0,0,0,0,74090000,0,0,0,0,6,0,0,0,0,32,0,0,0,0,
20240729,20240729,,cu2408,,13:40:03,74100000,74030000,0,74010000,74110000,73990000,74670000,0,79210000,68840000,23905,93003,8869874300000,86138,0,0,500,371046820,74100000,0,0,0,0,74090000,0,0,0,0,5,0,0,0,0,32,0,0,0,0,
20240729,20240729,,cu2408,,13:40:04,74100000,74030000,0,74010000,74110000,73990000,74670000,0,79210000,68840000,23905,93003,8869874300000,86138,0,0,500,371046820,74100000,0,0,0,0,74090000,0,0,0,0,5,0,0,0,0,32,0,0,0,0,
20240729,20240729,,cu2408,,13:40:05,74100000,74030000,0,74010000,74110000,73990000,74670000,0,79210000,68840000,23905,93003,8869874300000,86138,0,0,0,371046820,74100000,0,0,0,0,74090000,0,0,0,0,1,0,0,0,0,32,0,0,0,0,
20240729,20240729,,cu2408,,13:40:05,74100000,74030000,0,74010000,74110000,73990000,74670000,0,79210000,68840000,23905,93003,8869874300000,86138,0,0,500,371046820,74100000,0,0,0,0,74090000,0,0,0,0,1,0,0,0,0,32,0,0,0,0,
20240729,20240729,,cu2408,,13:40:06,74100000,74030000,0,74010000,74110000,73990000,74670000,0,79210000,68840000,23906,93003,8870244800000,86138,0,0,0,371046800,74110000,0,0,0,0,74090000,0,0,0,0,6,0,0,0,0,32,0,0,0,0,
20240729,20240729,,cu2408,,13:40:09,74100000,74030000,0,74010000,74110000,73990000,74670000,0,79210000,68840000,23906,93003,8870244800000,86138,0,0,500,371046800,74110000,0,0,0,0,74090000,0,0,0,0,6,0,0,0,0,36,0,0,0,0,
20240729,20240729,,cu2408,,13:40:10,74100000,74030000,0,74010000,74110000,73990000,74670000,0,79210000,68840000,23906,93003,8870244800000,86138,0,0,0,371046800,74110000,0,0,0,0,74090000,0,0,0,0,6,0,0,0,0,32,0,0,0,0,
20240729,20240729,,cu2408,,13:40:10,74100000,74030000,0,74010000,74110000,73990000,74670000,0,79210000,68840000,23906,93003,8870244800000,86138,0,0,500,371046800,74110000,0,0,0,0,74090000,0,0,0,0,7,0,0,0,0,32,0,0,0,0,
20240729,20240729,,cu2408,,13:40:12,74100000,74030000,0,74010000,74110000,73990000,74670000,0,79210000,68840000,23906,93003,8870244800000,86138,0,0,500,371046800,74110000,0,0,0,0,74090000,0,0,0,0,7,0,0,0,0,32,0,0,0,0,
20240729,20240729,,cu2408,,13:40:13,74100000,74030000,0,74010000,74110000,73990000,74670000,0,79210000,68840000,23906,93003,8870244800000,86138,0,0,500,371046800,74110000,0,0,0,0,74090000,0,0,0,0,7,0,0,0,0,32,0,0,0,0,
20240729,20240729,,cu2408,,13:40:14,74100000,74030000,0,74010000,74110000,73990000,74670000,0,79210000,68840000,23906,93003,8870244800000,86138,0,0,0,371046800,74110000,0,0,0,0,74090000,0,0,0,0,7,0,0,0,0,32,0,0,0,0,
20240729,20240729,,cu2408,,13:40:14,74100000,74030000,0,74010000,74110000,73990000,74670000,0,79210000,68840000,23906,93003,8870244800000,86138,0,0,500,371046800,74110000,0,0,0,0,74090000,0,0,0,0,7,0,0,0,0,32,0,0,0,0,
20240729,20240729,,cu2408,,13:40:15,74100000,74030000,0,74010000,74110000,73990000,74670000,0,79210000,68840000,23906,93003,8870244800000,86138,0,0,0,371046800,74100000,0,0,0,0,74090000,0,0,0,0,4,0,0,0,0,32,0,0,0,0,
20240729,20240729,,cu2408,,13:40:15,74100000,74030000,0,74010000,74110000,73990000,74670000,0,79210000,68840000,23906,93003,8870244800000,86138,0,0,500,371046800,74100000,0,0,0,0,74090000,0,0,0,0,4,0,0,0,0,32,0,0,0,0,
20240729,20240729,,cu2408,,13:40:16,74090000,74030000,0,74010000,74110000,73990000,74670000,0,79210000,68840000,23938,93003,8882099200000,86113,0,0,0,371046000,74090000,0,0,0,0,74080000,0,0,0,0,10,0,0,0,0,5,0,0,0,0,
20240729,20240729,,cu2408,,13:40:16,74080000,74030000,0,74010000,74110000,73990000,74670000,0,79210000,68840000,23943,93003,8883951200000,86118,0,0,500,371045860,74080000,0,0,0,0,74070000,0,0,0,0,5,0,0,0,0,5,0,0,0,0,
20240729,20240729,,cu2408,,13:40:17,74070000,74030000,0,74010000,74110000,73990000,74670000,0,79210000,68840000,23948,93003,8885802950000,86123,0,0,0,371045720,74070000,0,0,0,0,74060000,0,0,0,0,2,0,0,0,0,39,0,0,0,0,
20240729,20240729,,cu2408,,13:40:17,74070000,74030000,0,74010000,74110000,73990000,74670000,0,79210000,68840000,23948,93003,8885802950000,86123,0,0,500,371045720,74070000,0,0,0,0,74060000,0,0,0,0,2,0,0,0,0,39,0,0,0,0,
20240729,20240729,,cu2408,,13:40:18,74070000,74030000,0,74010000,74110000,73990000,74670000,0,79210000,68840000,23948,93003,8885802950000,86123,0,0,0,371045720,74070000,0,0,0,0,74060000,0,0,0,0,2,0,0,0,0,39,0,0,0,0,
20240729,20240729,,cu2408,,13:40:18,74060000,74030000,0,74010000,74110000,73990000,74670000,0,79210000,68840000,23949,93003,8886173250000,86122,0,0,500,371045690,74070000,0,0,0,0,74060000,0,0,0,0,2,0,0,0,0,38,0,0,0,0,
20240729,20240729,,cu2408,,13:40:19,74060000,74030000,0,74010000,74110000,73990000,74670000,0,79210000,68840000,23949,93003,8886173250000,86122,0,0,0,371045690,74070000,0,0,0,0,74060000,0,0,0,0,2,0,0,0,0,38,0,0,0,0,
20240729,20240729,,cu2408,,13:40:19,74060000,74030000,0,74010000,74110000,73990000,74670000,0,79210000,68840000,23951,93003,8886913850000,86122,0,0,500,371045620,74070000,0,0,0,0,74060000,0,0,0,0,3,0,0,0,0,36,0,0,0,0,
20240729,20240729,,cu2408,,13:40:20,74060000,74030000,0,74010000,74110000,73990000,74670000,0,79210000,68840000,23951,93003,8886913850000,86122,0,0,0,371045620,74080000,0,0,0,0,74060000,0,0,0,0,6,0,0,0,0,36,0,0,0,0,
20240729,20240729,,cu2408,,13:40:20,74060000,74030000,0,74010000,74110000,73990000,74670000,0,79210000,68840000,23951,93003,8886913850000,86122,0,0,500,371045620,74080000,0,0,0,0,74070000,0,0,0,0,15,0,0,0,0,1,0,0,0,0,
20240729,20240729,,cu2408,,13:40:21,74070000,74030000,0,74010000,74110000,73990000,74670000,0,79210000,68840000,23952,93003,8887284200000,86122,0,0,0,371045600,74080000,0,0,0,0,74060000,0,0,0,0,13,0,0,0,0,36,0,0,0,0,
20240729,20240729,,cu2408,,13:40:26,74070000,74030000,0,74010000,74110000,73990000,74670000,0,79210000,68840000,23952,93003,8887284200000,86122,0,0,500,371045600,74070000,0,0,0,0,74060000,0,0,0,0,21,0,0,0,0,36,0,0,0,0,
20240729,20240729,,cu2408,,13:40:27,74070000,74030000,0,74010000,74110000,73990000,74670000,0,79210000,68840000,23952,93003,8887284200000,86122,0,0,0,371045600,74070000,0,0,0,0,74060000,0,0,0,0,21,0,0,0,0,36,0,0,0,0,
20240729,20240729,,cu2408,,13:40:28,74070000,74030000,0,74010000,74110000,73990000,74670000,0,79210000,68840000,23952,93003,8887284200000,86122,0,0,500,371045600,74070000,0,0,0,0,74060000,0,0,0,0,21,0,0,0,0,36,0,0,0,0,
20240729,20240729,,cu2408,,13:40:29,74070000,74030000,0,74010000,74110000,73990000,74670000,0,79210000,68840000,23952,93003,8887284200000,86122,0,0,0,371045600,74070000,0,0,0,0,74060000,0,0,0,0,21,0,0,0,0,36,0,0,0,0,
20240729,20240729,,cu2408,,13:40:29,74070000,74030000,0,74010000,74110000,73990000,74670000,0,79210000,68840000,23952,93003,8887284200000,86122,0,0,500,371045600,74070000,0,0,0,0,74060000,0,0,0,0,21,0,0,0,0,36,0,0,0,0,
20240729,20240729,,cu2408,,13:40:30,74070000,74030000,0,74010000,74110000,73990000,74670000,0,79210000,68840000,23973,93003,8895061550000,86105,0,0,0,371044990,74080000,0,0,0,0,74060000,0,0,0,0,4,0,0,0,0,40,0,0,0,0,
20240729,20240729,,cu2408,,13:40:30,74070000,74030000,0,74010000,74110000,73990000,74670000,0,79210000,68840000,23973,93003,8895061550000,86105,0,0,500,371044990,74080000,0,0,0,0,74060000,0,0,0,0,4,0,0,0,0,36,0,0,0,0,
20240729,20240729,,cu2408,,13:40:31,74070000,74030000,0,74010000,74110000,73990000,74670000,0,79210000,68840000,23973,93003,8895061550000,86105,0,0,0,371044990,74080000,0,0,0,0,74060000,0,0,0,0,4,0,0,0,0,36,0,0,0,0,
20240729,20240729,,cu2408,,13:40:33,74070000,74030000,0,74010000,74110000,73990000,74670000,0,79210000,68840000,23973,93003,8895061550000,86105,0,0,0,371044990,74080000,0,0,0,0,74060000,0,0,0,0,1,0,0,0,0,36,0,0,0,0,
20240729,20240729,,cu2408,,13:40:34,74070000,74030000,0,74010000,74110000,73990000,74670000,0,79210000,68840000,23973,93003,8895061550000,86105,0,0,0,371044990,74080000,0,0,0,0,74070000,0,0,0,0,1,0,0,0,0,2,0,0,0,0,
20240729,20240729,,cu2408,,13:40:34,74070000,74030000,0,74010000,74110000,73990000,74670000,0,79210000,68840000,23973,93003,8895061550000,86105,0,0,500,371044990,74080000,0,0,0,0,74070000,0,0,0,0,1,0,0,0,0,3,0,0,0,0,
20240729,20240729,,cu2408,,13:40:35,74070000,74030000,0,74010000,74110000,73990000,74670000,0,79210000,68840000,23973,93003,8895061550000,86105,0,0,0,371044990,74080000,0,0,0,0,74070000,0,0,0,0,1,0,0,0,0,4,0,0,0,0,
20240729,20240729,,cu2408,,13:40:35,74070000,74030000,0,74010000,74110000,73990000,74670000,0,79210000,68840000,23973,93003,8895061550000,86105,0,0,500,371044990,74080000,0,0,0,0,74070000,0,0,0,0,1,0,0,0,0,4,0,0,0,0,
20240729,20240729,,cu2408,,13:40:36,74080000,74030000,0,74010000,74110000,73990000,74670000,0,79210000,68840000,23974,93003,8895431950000,86106,0,0,0,371044960,74090000,0,0,0,0,74070000,0,0,0,0,17,0,0,0,0,3,0,0,0,0,
20240729,20240729,,cu2408,,13:40:36,74080000,74030000,0,74010000,74110000,73990000,74670000,0,79210000,68840000,23974,93003,8895431950000,86106,0,0,500,371044960,74080000,0,0,0,0,74070000,0,0,0,0,5,0,0,0,0,3,0,0,0,0,
20240729,20240729,,cu2408,,13:40:37,74080000,74030000,0,74010000,74110000,73990000,74670000,0,79210000,68840000,23974,93003,8895431950000,86106,0,0,0,371044960,74080000,0,0,0,0,74070000,0,0,0,0,5,0,0,0,0,1,0,0,0,0,
20240729,20240729,,cu2408,,13:40:37,74080000,74030000,0,74010000,74110000,73990000,74670000,0,79210000,68840000,23974,93003,8895431950000,86106,0,0,500,371044960,74080000,0,0,0,0,74060000,0,0,0,0,5,0,0,0,0,36,0,0,0,0,
20240729,20240729,,cu2408,,13:40:38,74080000,74030000,0,74010000,74110000,73990000,74670000,0,79210000,68840000,23974,93003,8895431950000,86106,0,0,0,371044960,74080000,0,0,0,0,74060000,0,0,0,0,5,0,0,0,0,36,0,0,0,0,
20240729,20240729,,cu2408,,13:40:39,74080000,74030000,0,74010000,74110000,73990000,74670000,0,79210000,68840000,23974,93003,8895431950000,86106,0,0,0,371044960,74080000,0,0,0,0,74060000,0,0,0,0,6,0,0,0,0,36,0,0,0,0,
20240729,20240729,,cu2408,,13:40:39,74080000,74030000,0,74010000,74110000,73990000,74670000,0,79210000,68840000,23974,93003,8895431950000,86106,0,0,500,371044960,74080000,0,0,0,0,74060000,0,0,0,0,12,0,0,0,0,36,0,0,0,0,
20240729,20240729,,cu2408,,13:40:40,74080000,74030000,0,74010000,74110000,73990000,74670000,0,79210000,68840000,23974,93003,8895431950000,86106,0,0,0,371044960,74080000,0,0,0,0,74060000,0,0,0,0,15,0,0,0,0,36,0,0,0,0,
20240729,20240729,,cu2408,,13:40:40,74060000,74030000,0,74010000,74110000,73990000,74670000,0,79210000,68840000,23975,93003,8895802250000,86106,0,0,500,371044930,74080000,0,0,0,0,74060000,0,0,0,0,15,0,0,0,0,35,0,0,0,0,
20240729,20240729,,cu2408,,13:40:43,74060000,74030000,0,74010000,74110000,73990000,74670000,0,79210000,68840000,23975,93003,8895802250000,86106,0,0,0,371044930,74070000,0,0,0,0,74060000,0,0,0,0,30,0,0,0,0,35,0,0,0,0,
20240729,20240729,,cu2408,,13:40:43,74060000,74030000,0,74010000,74110000,73990000,74670000,0,79210000,68840000,23975,93003,8895802250000,86106,0,0,500,371044930,74070000,0,0,0,0,74060000,0,0,0,0,30,0,0,0,0,35,0,0,0,0,
20240729,20240729,,cu2408,,13:40:44,74060000,74030000,0,74010000,74110000,73990000,74670000,0,79210000,68840000,23975,93003,8895802250000,86106,0,0,500,371044930,74070000,0,0,0,0,74060000,0,0,0,0,30,0,0,0,0,35,0,0,0,0,
20240729,20240729,,cu2408,,13:40:46,74060000,74030000,0,74010000,74110000,73990000,74670000,0,79210000,68840000,23975,93003,8895802250000,86106,0,0,0,371044930,74070000,0,0,0,0,74060000,0,0,0,0,30,0,0,0,0,35,0,0,0,0,
20240729,20240729,,cu2408,,13:40:46,74060000,74030000,0,74010000,74110000,73990000,74670000,0,79210000,68840000,23976,93003,8896172550000,86105,0,0,500,371044900,74070000,0,0,0,0,74060000,0,0,0,0,30,0,0,0,0,34,0,0,0,0,
20240729,20240729,,cu2408,,13:40:48,74060000,74030000,0,74010000,74110000,73990000,74670000,0,79210000,68840000,23976,93003,8896172550000,86105,0,0,500,371044900,74070000,0,0,0,0,74060000,0,0,0,0,30,0,0,0,0,34,0,0,0,0,
20240729,20240729,,cu2408,,13:40:49,74060000,74030000,0,74010000,74110000,73990000,74670000,0,79210000,68840000,23976,93003,8896172550000,86105,0,0,0,371044900,74070000,0,0,0,0,74060000,0,0,0,0,30,0,0,0,0,34,0,0,0,0,
20240729,20240729,,cu2408,,13:40:50,74060000,74030000,0,74010000,74110000,73990000,74670000,0,79210000,68840000,24006,93003,8907281550000,86082,0,0,500,371043970,74070000,0,0,0,0,74060000,0,0,0,0,30,0,0,0,0,4,0,0,0,0,
20240729,20240729,,cu2408,,13:40:51,74060000,74030000,0,74010000,74110000,73990000,74670000,0,79210000,68840000,24007,93003,8907651850000,86082,0,0,0,371043940,74070000,0,0,0,0,74060000,0,0,0,0,30,0,0,0,0,6,0,0,0,0,
20240729,20240729,,cu2408,,13:40:51,74060000,74030000,0,74010000,74110000,73990000,74670000,0,79210000,68840000,24007,93003,8907651850000,86082,0,0,500,371043940,74070000,0,0,0,0,74060000,0,0,0,0,30,0,0,0,0,6,0,0,0,0,
20240729,20240729,,cu2408,,13:40:52,74060000,74030000,0,74010000,74110000,73990000,74670000,0,79210000,68840000,24007,93003,8907651850000,86082,0,0,0,371043940,74070000,0,0,0,0,74060000,0,0,0,0,30,0,0,0,0,6,0,0,0,0,
20240729,20240729,,cu2408,,13:40:54,74060000,74030000,0,74010000,74110000,73990000,74670000,0,79210000,68840000,24007,93003,8907651850000,86082,0,0,0,371043940,74070000,0,0,0,0,74060000,0,0,0,0,30,0,0,0,0,6,0,0,0,0,
20240729,20240729,,cu2408,,13:40:56,74060000,74030000,0,74010000,74110000,73990000,74670000,0,79210000,68840000,24013,93003,8909873650000,86079,0,0,500,371043750,74060000,0,0,0,0,74050000,0,0,0,0,4,0,0,0,0,50,0,0,0,0,
20240729,20240729,,cu2408,,13:40:57,74060000,74030000,0,74010000,74110000,73990000,74670000,0,79210000,68840000,24017,93003,8911354850000,86075,0,0,0,371043630,74070000,0,0,0,0,74050000,0,0,0,0,30,0,0,0,0,55,0,0,0,0,
20240729,20240729,,cu2408,,13:40:57,74060000,74030000,0,74010000,74110000,73990000,74670000,0,79210000,68840000,24017,93003,8911354850000,86075,0,0,500,371043630,74070000,0,0,0,0,74050000,0,0,0,0,30,0,0,0,0,55,0,0,0,0,
20240729,20240729,,cu2408,,13:40:58,74060000,74030000,0,74010000,74110000,73990000,74670000,0,79210000,68840000,24017,93003,8911354850000,86075,0,0,0,371043630,74070000,0,0,0,0,74050000,0,0,0,0,30,0,0,0,0,55,0,0,0,0,
20240729,20240729,,cu2408,,13:40:59,74060000,74030000,0,74010000,74110000,73990000,74670000,0,79210000,68840000,24018,93003,8911725150000,86075,0,0,0,371043590,74070000,0,0,0,0,74050000,0,0,0,0,30,0,0,0,0,54,0,0,0,0,
20240729,20240729,,cu2408,,13:40:59,74060000,74030000,0,74010000,74110000,73990000,74670000,0,79210000,68840000,24018,93003,8911725150000,86075,0,0,500,371043590,74060000,0,0,0,0,74050000,0,0,0,0,1,0,0,0,0,47,0,0,0,0,
20240729,20240729,,cu2408,,13:41:00,74060000,74030000,0,74010000,74110000,73990000,74670000,0,79210000,68840000,24018,93003,8911725150000,86075,0,0,0,371043590,74060000,0,0,0,0,74050000,0,0,0,0,2,0,0,0,0,47,0,0,0,0,
20240729,20240729,,cu2408,,13:41:00,74060000,74030000,0,74010000,74110000,73990000,74670000,0,79210000,68840000,24020,93003,8912465750000,86074,0,0,500,371043530,74070000,0,0,0,0,74050000,0,0,0,0,30,0,0,0,0,47,0,0,0,0,
20240729,20240729,,cu2408,,13:41:01,74060000,74030000,0,74010000,74110000,73990000,74670000,0,79210000,68840000,24020,93003,8912465750000,86074,0,0,0,371043530,74070000,0,0,0,0,74050000,0,0,0,0,30,0,0,0,0,47,0,0,0,0,
20240729,20240729,,cu2408,,13:41:01,74060000,74030000,0,74010000,74110000,73990000,74670000,0,79210000,68840000,24020,93003,8912465750000,86074,0,0,500,371043530,74070000,0,0,0,0,74050000,0,0,0,0,20,0,0,0,0,47,0,0,0,0,
20240729,20240729,,cu2408,,13:41:02,74060000,74030000,0,74010000,74110000,73990000,74670000,0,79210000,68840000,24020,93003,8912465750000,86074,0,0,0,371043530,74070000,0,0,0,0,74050000,0,0,0,0,20,0,0,0,0,47,0,0,0,0,
20240729,20240729,,cu2408,,13:41:10,74060000,74030000,0,74010000,74110000,73990000,74670000,0,79210000,68840000,24020,93003,8912465750000,86074,0,0,500,371043530,74070000,0,0,0,0,74050000,0,0,0,0,20,0,0,0,0,47,0,0,0,0,
20240729,20240729,,cu2408,,13:41:12,74060000,74030000,0,74010000,74110000,73990000,74670000,0,79210000,68840000,24020,93003,8912465750000,86074,0,0,500,371043530,74060000,0,0,0,0,74050000,0,0,0,0,3,0,0,0,0,47,0,0,0,0,
20240729,20240729,,cu2408,,13:41:13,74060000,74030000,0,74010000,74110000,73990000,74670000,0,79210000,68840000,24020,93003,8912465750000,86074,0,0,0,371043530,74060000,0,0,0,0,74050000,0,0,0,0,3,0,0,0,0,47,0,0,0,0,
20240729,20240729,,cu2408,,13:41:13,74060000,74030000,0,74010000,74110000,73990000,74670000,0,79210000,68840000,24020,93003,8912465750000,86074,0,0,500,371043530,74070000,0,0,0,0,74050000,0,0,0,0,26,0,0,0,0,47,0,0,0,0,
20240729,20240729,,cu2408,,13:41:14,74060000,74030000,0,74010000,74110000,73990000,74670000,0,79210000,68840000,24020,93003,8912465750000,86074,0,0,0,371043530,74070000,0,0,0,0,74050000,0,0,0,0,33,0,0,0,0,47,0,0,0,0,
20240729,20240729,,cu2408,,13:41:16,74060000,74030000,0,74010000,74110000,73990000,74670000,0,79210000,68840000,24020,93003,8912465750000,86074,0,0,500,371043530,74070000,0,0,0,0,74050000,0,0,0,0,33,0,0,0,0,47,0,0,0,0,
20240729,20240729,,cu2408,,13:41:18,74070000,74030000,0,74010000,74110000,73990000,74670000,0,79210000,68840000,24030,93003,8916169250000,86074,0,0,0,371043240,74070000,0,0,0,0,74050000,0,0,0,0,23,0,0,0,0,47,0,0,0,0,
20240729,20240729,,cu2408,,13:41:18,74050000,74030000,0,74010000,74110000,73990000,74670000,0,79210000,68840000,24031,93003,8916539500000,86075,0,0,500,371043210,74070000,0,0,0,0,74050000,0,0,0,0,23,0,0,0,0,46,0,0,0,0,
20240729,20240729,,cu2408,,13:41:20,74050000,74030000,0,74010000,74110000,73990000,74670000,0,79210000,68840000,24051,93003,8923944500000,86065,0,0,0,371042550,74070000,0,0,0,0,74050000,0,0,0,0,23,0,0,0,0,26,0,0,0,0,
20240729,20240729,,cu2408,,13:41:21,74070000,74030000,0,74010000,74110000,73990000,74670000,0,79210000,68840000,24055,93003,8925425900000,86065,0,0,0,371042440,74070000,0,0,0,0,74050000,0,0,0,0,19,0,0,0,0,26,0,0,0,0,
20240729,20240729,,cu2408,,13:41:21,74070000,74030000,0,74010000,74110000,73990000,74670000,0,79210000,68840000,24055,93003,8925425900000,86065,0,0,500,371042440,74070000,0,0,0,0,74050000,0,0,0,0,19,0,0,0,0,26,0,0,0,0,
20240729,20240729,,cu2408,,13:41:23,74070000,74030000,0,74010000,74110000,73990000,74670000,0,79210000,68840000,24055,93003,8925425900000,86065,0,0,0,371042440,74070000,0,0,0,0,74050000,0,0,0,0,16,0,0,0,0,26,0,0,0,0,
20240729,20240729,,cu2408,,13:41:24,74070000,74030000,0,74010000,74110000,73990000,74670000,0,79210000,68840000,24055,93003,8925425900000,86065,0,0,0,371042440,74070000,0,0,0,0,74050000,0,0,0,0,15,0,0,0,0,26,0,0,0,0,
20240729,20240729,,cu2408,,13:41:24,74070000,74030000,0,74010000,74110000,73990000,74670000,0,79210000,68840000,24055,93003,8925425900000,86065,0,0,500,371042440,74070000,0,0,0,0,74060000,0,0,0,0,6,0,0,0,0,3,0,0,0,0,
20240729,20240729,,cu2408,,13:41:25,74070000,74030000,0,74010000,74110000,73990000,74670000,0,79210000,68840000,24055,93003,8925425900000,86065,0,0,0,371042440,74070000,0,0,0,0,74060000,0,0,0,0,6,0,0,0,0,4,0,0,0,0,
20240729,20240729,,cu2408,,13:41:25,74070000,74030000,0,74010000,74110000,73990000,74670000,0,79210000,68840000,24055,93003,8925425900000,86065,0,0,500,371042440,74070000,0,0,0,0,74060000,0,0,0,0,6,0,0,0,0,3,0,0,0,0,
20240729,20240729,,cu2408,,13:41:26,74070000,74030000,0,74010000,74110000,73990000,74670000,0,79210000,68840000,24055,93003,8925425900000,86065,0,0,0,371042440,74070000,0,0,0,0,74050000,0,0,0,0,6,0,0,0,0,26,0,0,0,0,
20240729,20240729,,cu2408,,13:41:26,74070000,74030000,0,74010000,74110000,73990000,74670000,0,79210000,68840000,24055,93003,8925425900000,86065,0,0,500,371042440,74070000,0,0,0,0,74050000,0,0,0,0,12,0,0,0,0,26,0,0,0,0,
20240729,20240729,,cu2408,,13:41:27,74070000,74030000,0,74010000,74110000,73990000,74670000,0,79210000,68840000,24055,93003,8925425900000,86065,0,0,0,371042440,74060000,0,0,0,0,74050000,0,0,0,0,1,0,0,0,0,26,0,0,0,0,
20240729,20240729,,cu2408,,13:41:27,74070000,74030000,0,74010000,74110000,73990000,74670000,0,79210000,68840000,24055,93003,8925425900000,86065,0,0,500,371042440,74060000,0,0,0,0,74050000,0,0,0,0,1,0,0,0,0,26,0,0,0,0,
20240729,20240729,,cu2408,,13:41:28,74070000,74030000,0,74010000,74110000,73990000,74670000,0,79210000,68840000,24055,93003,8925425900000,86065,0,0,0,371042440,74060000,0,0,0,0,74050000,0,0,0,0,1,0,0,0,0,26,0,0,0,0,
20240729,20240729,,cu2408,,13:41:28,74070000,74030000,0,74010000,74110000,73990000,74670000,0,79210000,68840000,24055,93003,8925425900000,86065,0,0,500,371042440,74060000,0,0,0,0,74050000,0,0,0,0,1,0,0,0,0,43,0,0,0,0,
20240729,20240729,,cu2408,,13:41:29,74070000,74030000,0,74010000,74110000,73990000,74670000,0,79210000,68840000,24055,93003,8925425900000,86065,0,0,500,371042440,74060000,0,0,0,0,74050000,0,0,0,0,11,0,0,0,0,43,0,0,0,0,
20240729,20240729,,cu2408,,13:41:30,74070000,74030000,0,74010000,74110000,73990000,74670000,0,79210000,68840000,24055,93003,8925425900000,86065,0,0,500,371042440,74060000,0,0,0,0,74050000,0,0,0,0,12,0,0,0,0,43,0,0,0,0,
20240729,20240729,,cu2408,,13:41:31,74060000,74030000,0,74010000,74110000,73990000,74670000,0,79210000,68840000,24061,93003,8927647700000,86060,0,0,500,371042250,74060000,0,0,0,0,74050000,0,0,0,0,6,0,0,0,0,43,0,0,0,0,
20240729,20240729,,cu2408,,13:41:32,74060000,74030000,0,74010000,74110000,73990000,74670000,0,79210000,68840000,24061,93003,8927647700000,86060,0,0,0,371042250,74060000,0,0,0,0,74050000,0,0,0,0,6,0,0,0,0,26,0,0,0,0,
20240729,20240729,,cu2408,,13:41:32,74060000,74030000,0,74010000,74110000,73990000,74670000,0,79210000,68840000,24061,93003,8927647700000,86060,0,0,500,371042250,74060000,0,0,0,0,74050000,0,0,0,0,6,0,0,0,0,26,0,0,0,0,
20240729,20240729,,cu2408,,13:41:33,74060000,74030000,0,74010000,74110000,73990000,74670000,0,79210000,68840000,24063,93003,8928388300000,86060,0,0,0,371042190,74060000,0,0,0,0,74050000,0,0,0,0,4,0,0,0,0,26,0,0,0,0,
20240729,20240729,,cu2408,,13:41:33,74060000,74030000,0,74010000,74110000,73990000,74670000,0,79210000,68840000,24067,93003,8929869500000,86060,0,0,500,371042070,74070000,0,0,0,0,74060000,0,0,0,0,6,0,0,0,0,13,0,0,0,0,
20240729,20240729,,cu2408,,13:41:34,74060000,74030000,0,74010000,74110000,73990000,74670000,0,79210000,68840000,24069,93003,8930610100000,86060,0,0,0,371042000,74070000,0,0,0,0,74060000,0,0,0,0,12,0,0,0,0,11,0,0,0,0,
20240729,20240729,,cu2408,,13:41:34,74060000,74030000,0,74010000,74110000,73990000,74670000,0,79210000,68840000,24069,93003,8930610100000,86060,0,0,500,371042000,74070000,0,0,0,0,74060000,0,0,0,0,6,0,0,0,0,11,0,0,0,0,
20240729,20240729,,cu2408,,13:41:35,74060000,74030000,0,74010000,74110000,73990000,74670000,0,79210000,68840000,24069,93003,8930610100000,86060,0,0,0,371042000,74070000,0,0,0,0,74060000,0,0,0,0,6,0,0,0,0,11,0,0,0,0,
20240729,20240729,,cu2408,,13:41:35,74060000,74030000,0,74010000,74110000,73990000,74670000,0,79210000,68840000,24075,93003,8932831900000,86065,0,0,500,371041820,74070000,0,0,0,0,74060000,0,0,0,0,6,0,0,0,0,14,0,0,0,0,
20240729,20240729,,cu2408,,13:41:39,74060000,74030000,0,74010000,74110000,73990000,74670000,0,79210000,68840000,24075,93003,8932831900000,86065,0,0,0,371041820,74070000,0,0,0,0,74060000,0,0,0,0,7,0,0,0,0,14,0,0,0,0,
20240729,20240729,,cu2408,,13:41:39,74060000,74030000,0,74010000,74110000,73990000,74670000,0,79210000,68840000,24075,93003,8932831900000,86065,0,0,500,371041820,74070000,0,0,0,0,74060000,0,0,0,0,8,0,0,0,0,14,0,0,0,0,
20240729,20240729,,cu2408,,13:41:43,74060000,74030000,0,74010000,74110000,73990000,74670000,0,79210000,68840000,24075,93003,8932831900000,86065,0,0,0,371041820,74070000,0,0,0,0,74060000,0,0,0,0,7,0,0,0,0,14,0,0,0,0,
20240729,20240729,,cu2408,,13:41:43,74070000,74030000,0,74010000,74110000,73990000,74670000,0,79210000,68840000,24082,93003,8935424350000,86062,0,0,500,371041620,74080000,0,0,0,0,74060000,0,0,0,0,3,0,0,0,0,14,0,0,0,0,
20240729,20240729,,cu2408,,13:41:44,74070000,74030000,0,74010000,74110000,73990000,74670000,0,79210000,68840000,24082,93003,8935424350000,86062,0,0,0,371041620,74090000,0,0,0,0,74070000,0,0,0,0,2,0,0,0,0,5,0,0,0,0,
20240729,20240729,,cu2408,,13:41:44,74070000,74030000,0,74010000,74110000,73990000,74670000,0,79210000,68840000,24082,93003,8935424350000,86062,0,0,500,371041620,74090000,0,0,0,0,74070000,0,0,0,0,6,0,0,0,0,5,0,0,0,0,
20240729,20240729,,cu2408,,13:41:45,74070000,74030000,0,74010000,74110000,73990000,74670000,0,79210000,68840000,24082,93003,8935424350000,86062,0,0,0,371041620,74080000,0,0,0,0,74070000,0,0,0,0,1,0,0,0,0,5,0,0,0,0,
20240729,20240729,,cu2408,,13:41:45,74070000,74030000,0,74010000,74110000,73990000,74670000,0,79210000,68840000,24082,93003,8935424350000,86062,0,0,500,371041620,74080000,0,0,0,0,74070000,0,0,0,0,1,0,0,0,0,4,0,0,0,0,
20240729,20240729,,cu2408,,13:41:46,74080000,74030000,0,74010000,74110000,73990000,74670000,0,79210000,68840000,24083,93003,8935794750000,86063,0,0,0,371041590,74100000,0,0,0,0,74080000,0,0,0,0,4,0,0,0,0,4,0,0,0,0,
20240729,20240729,,cu2408,,13:41:46,74080000,74030000,0,74010000,74110000,73990000,74670000,0,79210000,68840000,24083,93003,8935794750000,86063,0,0,500,371041590,74090000,0,0,0,0,74080000,0,0,0,0,5,0,0,0,0,5,0,0,0,0,
20240729,20240729,,cu2408,,13:41:47,74080000,74030000,0,74010000,74110000,73990000,74670000,0,79210000,68840000,24083,93003,8935794750000,86063,0,0,0,371041590,74090000,0,0,0,0,74080000,0,0,0,0,5,0,0,0,0,7,0,0,0,0,
20240729,20240729,,cu2408,,13:41:48,74080000,74030000,0,74010000,74110000,73990000,74670000,0,79210000,68840000,24083,93003,8935794750000,86063,0,0,0,371041590,74090000,0,0,0,0,74080000,0,0,0,0,5,0,0,0,0,7,0,0,0,0,
20240729,20240729,,cu2408,,13:41:49,74080000,74030000,0,74010000,74110000,73990000,74670000,0,79210000,68840000,24083,93003,8935794750000,86063,0,0,0,371041590,74090000,0,0,0,0,74080000,0,0,0,0,5,0,0,0,0,6,0,0,0,0,
20240729,20240729,,cu2408,,13:41:49,74080000,74030000,0,74010000,74110000,73990000,74670000,0,79210000,68840000,24083,93003,8935794750000,86063,0,0,500,371041590,74090000,0,0,0,0,74080000,0,0,0,0,5,0,0,0,0,7,0,0,0,0,
20240729,20240729,,cu2408,,13:41:51,74080000,74030000,0,74010000,74110000,73990000,74670000,0,79210000,68840000,24083,93003,8935794750000,86063,0,0,0,371041590,74090000,0,0,0,0,74080000,0,0,0,0,5,0,0,0,0,4,0,0,0,0,
20240729,20240729,,cu2408,,13:41:51,74090000,74030000,0,74010000,74110000,73990000,74670000,0,79210000,68840000,24086,93003,8936906100000,86064,0,0,500,371041520,74090000,0,0,0,0,74080000,0,0,0,0,2,0,0,0,0,3,0,0,0,0,
20240729,20240729,,cu2408,,13:41:52,74090000,74030000,0,74010000,74110000,73990000,74670000,0,79210000,68840000,24086,93003,8936906100000,86064,0,0,0,371041520,74090000,0,0,0,0,74080000,0,0,0,0,3,0,0,0,0,3,0,0,0,0,
20240729,20240729,,cu2408,,13:41:52,74090000,74030000,0,74010000,74110000,73990000,74670000,0,79210000,68840000,24086,93003,8936906100000,86064,0,0,500,371041520,74090000,0,0,0,0,74080000,0,0,0,0,3,0,0,0,0,6,0,0,0,0,
20240729,20240729,,cu2408,,13:41:53,74090000,74030000,0,74010000,74110000,73990000,74670000,0,79210000,68840000,24087,93003,8937276550000,86064,0,0,0,371041490,74090000,0,0,0,0,74080000,0,0,0,0,2,0,0,0,0,5,0,0,0,0,
20240729,20240729,,cu2408,,13:41:53,74090000,74030000,0,74010000,74110000,73990000,74670000,0,79210000,68840000,24087,93003,8937276550000,86064,0,0,500,371041490,74090000,0,0,0,0,74080000,0,0,0,0,2,0,0,0,0,4,0,0,0,0,
20240729,20240729,,cu2408,,13:41:54,74090000,74030000,0,74010000,74110000,73990000,74670000,0,79210000,68840000,24087,93003,8937276550000,86064,0,0,0,371041490,74090000,0,0,0,0,74080000,0,0,0,0,2,0,0,0,0,6,0,0,0,0,
20240729,20240729,,cu2408,,13:41:54,74080000,74030000,0,74010000,74110000,73990000,74670000,0,79210000,68840000,24088,93003,8937646950000,86064,0,0,500,371041470,74090000,0,0,0,0,74080000,0,0,0,0,2,0,0,0,0,5,0,0,0,0,
20240729,20240729,,cu2408,,13:41:55,74080000,74030000,0,74010000,74110000,73990000,74670000,0,79210000,68840000,24088,93003,8937646950000,86064,0,0,0,371041470,74100000,0,0,0,0,74080000,0,0,0,0,1,0,0,0,0,5,0,0,0,0,
20240729,20240729,,cu2408,,13:41:55,74080000,74030000,0,74010000,74110000,73990000,74670000,0,79210000,68840000,24088,93003,8937646950000,86064,0,0,500,371041470,74100000,0,0,0,0,74080000,0,0,0,0,3,0,0,0,0,5,0,0,0,0,
20240729,20240729,,cu2408,,13:41:56,74080000,74030000,0,74010000,74110000,73990000,74670000,0,79210000,68840000,24088,93003,8937646950000,86064,0,0,0,371041470,74100000,0,0,0,0,74080000,0,0,0,0,3,0,0,0,0,5,0,0,0,0,
20240729,20240729,,cu2408,,13:41:56,74080000,74030000,0,74010000,74110000,73990000,74670000,0,79210000,68840000,24088,93003,8937646950000,86064,0,0,500,371041470,74100000,0,0,0,0,74080000,0,0,0,0,3,0,0,0,0,5,0,0,0,0,
20240729,20240729,,cu2408,,13:41:57,74080000,74030000,0,74010000,74110000,73990000,74670000,0,79210000,68840000,24088,93003,8937646950000,86064,0,0,0,371041470,74100000,0,0,0,0,74080000,0,0,0,0,3,0,0,0,0,5,0,0,0,0,
20240729,20240729,,cu2408,,13:41:57,74080000,74030000,0,74010000,74110000,73990000,74670000,0,79210000,68840000,24088,93003,8937646950000,86064,0,0,500,371041470,74100000,0,0,0,0,74080000,0,0,0,0,1,0,0,0,0,5,0,0,0,0,
20240729,20240729,,cu2408,,13:41:58,74080000,74030000,0,74010000,74110000,73990000,74670000,0,79210000,68840000,24088,93003,8937646950000,86064,0,0,0,371041470,74100000,0,0,0,0,74080000,0,0,0,0,1,0,0,0,0,5,0,0,0,0,
20240729,20240729,,cu2408,,13:41:59,74080000,74030000,0,74010000,74110000,73990000,74670000,0,79210000,68840000,24088,93003,8937646950000,86064,0,0,500,371041470,74100000,0,0,0,0,74080000,0,0,0,0,1,0,0,0,0,5,0,0,0,0,
20240729,20240729,,cu2408,,13:42:00,74080000,74030000,0,74010000,74110000,73990000,74670000,0,79210000,68840000,24088,93003,8937646950000,86064,0,0,500,371041470,74100000,0,0,0,0,74080000,0,0,0,0,1,0,0,0,0,5,0,0,0,0,
20240729,20240729,,cu2408,,13:42:01,74080000,74030000,0,74010000,74110000,73990000,74670000,0,79210000,68840000,24088,93003,8937646950000,86064,0,0,500,371041470,74100000,0,0,0,0,74080000,0,0,0,0,1,0,0,0,0,6,0,0,0,0,
20240729,20240729,,cu2408,,13:42:03,74080000,74030000,0,74010000,74110000,73990000,74670000,0,79210000,68840000,24088,93003,8937646950000,86064,0,0,500,371041470,74100000,0,0,0,0,74090000,0,0,0,0,1,0,0,0,0,5,0,0,0,0,
20240729,20240729,,cu2408,,13:42:04,74080000,74030000,0,74010000,74110000,73990000,74670000,0,79210000,68840000,24088,93003,8937646950000,86064,0,0,0,371041470,74110000,0,0,0,0,74090000,0,0,0,0,15,0,0,0,0,8,0,0,0,0,
20240729,20240729,,cu2408,,13:42:04,74080000,74030000,0,74010000,74110000,73990000,74670000,0,79210000,68840000,24088,93003,8937646950000,86064,0,0,500,371041470,74110000,0,0,0,0,74090000,0,0,0,0,16,0,0,0,0,8,0,0,0,0,
20240729,20240729,,cu2408,,13:42:05,74080000,74030000,0,74010000,74110000,73990000,74670000,0,79210000,68840000,24088,93003,8937646950000,86064,0,0,0,371041470,74110000,0,0,0,0,74090000,0,0,0,0,16,0,0,0,0,8,0,0,0,0,
20240729,20240729,,cu2408,,13:42:05,74080000,74030000,0,74010000,74110000,73990000,74670000,0,79210000,68840000,24089,93003,8938017350000,86063,0,0,500,371041440,74110000,0,0,0,0,74090000,0,0,0,0,16,0,0,0,0,7,0,0,0,0,
20240729,20240729,,cu2408,,13:42:10,74080000,74030000,0,74010000,74110000,73990000,74670000,0,79210000,68840000,24089,93003,8938017350000,86063,0,0,500,371041440,74110000,0,0,0,0,74090000,0,0,0,0,14,0,0,0,0,11,0,0,0,0,
20240729,20240729,,cu2408,,13:42:11,74080000,74030000,0,74010000,74110000,73990000,74670000,0,79210000,68840000,24089,93003,8938017350000,86063,0,0,0,371041440,74110000,0,0,0,0,74100000,0,0,0,0,14,0,0,0,0,1,0,0,0,0,
20240729,20240729,,cu2408,,13:42:11,74080000,74030000,0,74010000,74110000,73990000,74670000,0,79210000,68840000,24089,93003,8938017350000,86063,0,0,500,371041440,74110000,0,0,0,0,74100000,0,0,0,0,14,0,0,0,0,1,0,0,0,0,
20240729,20240729,,cu2408,,13:42:12,74080000,74030000,0,74010000,74110000,73990000,74670000,0,79210000,68840000,24089,93003,8938017350000,86063,0,0,0,371041440,74110000,0,0,0,0,74100000,0,0,0,0,14,0,0,0,0,1,0,0,0,0,
20240729,20240729,,cu2408,,13:42:13,74080000,74030000,0,74010000,74110000,73990000,74670000,0,79210000,68840000,24089,93003,8938017350000,86063,0,0,0,371041440,74110000,0,0,0,0,74100000,0,0,0,0,14,0,0,0,0,3,0,0,0,0,
20240729,20240729,,cu2408,,13:42:13,74080000,74030000,0,74010000,74110000,73990000,74670000,0,79210000,68840000,24089,93003,8938017350000,86063,0,0,500,371041440,74110000,0,0,0,0,74100000,0,0,0,0,14,0,0,0,0,4,0,0,0,0,
20240729,20240729,,cu2408,,13:42:14,74080000,74030000,0,74010000,74110000,73990000,74670000,0,79210000,68840000,24089,93003,8938017350000,86063,0,0,0,371041440,74110000,0,0,0,0,74100000,0,0,0,0,14,0,0,0,0,4,0,0,0,0,
20240729,20240729,,cu2408,,13:42:18,74110000,74030000,0,74010000,74110000,73990000,74670000,0,79210000,68840000,24090,93003,8938387900000,86063,0,0,0,371041420,74110000,0,0,0,0,74100000,0,0,0,0,13,0,0,0,0,4,0,0,0,0,
20240729,20240729,,cu2408,,13:42:18,74110000,74030000,0,74010000,74110000,73990000,74670000,0,79210000,68840000,24090,93003,8938387900000,86063,0,0,500,371041420,74110000,0,0,0,0,74100000,0,0,0,0,13,0,0,0,0,5,0,0,0,0,
20240729,20240729,,cu2408,,13:42:19,74110000,74030000,0,74010000,74110000,73990000,74670000,0,79210000,68840000,24090,93003,8938387900000,86063,0,0,500,371041420,74110000,0,0,0,0,74100000,0,0,0,0,13,0,0,0,0,4,0,0,0,0,
20240729,20240729,,cu2408,,13:42:20,74110000,74030000,0,74010000,74110000,73990000,74670000,0,79210000,68840000,24091,93003,8938758450000,86062,0,0,500,371041400,74110000,0,0,0,0,74100000,0,0,0,0,12,0,0,0,0,5,0,0,0,0,
20240729,20240729,,cu2408,,13:42:27,74110000,74030000,0,74010000,74110000,73990000,74670000,0,79210000,68840000,24103,93003,8943205050000,86050,0,0,0,371041150,74120000,0,0,0,0,74110000,0,0,0,0,63,0,0,0,0,10,0,0,0,0,
20240729,20240729,,cu2408,,13:42:27,74110000,74030000,0,74010000,74110000,73990000,74670000,0,79210000,68840000,24103,93003,8943205050000,86050,0,0,500,371041150,74120000,0,0,0,0,74110000,0,0,0,0,63,0,0,0,0,10,0,0,0,0,
20240729,20240729,,cu2408,,13:42:28,74110000,74030000,0,74010000,74110000,73990000,74670000,0,79210000,68840000,24107,93003,8944687250000,86046,0,0,0,371041070,74120000,0,0,0,0,74110000,0,0,0,0,64,0,0,0,0,6,0,0,0,0,
20240729,20240729,,cu2408,,13:42:28,74110000,74030000,0,74010000,74110000,73990000,74670000,0,79210000,68840000,24107,93003,8944687250000,86046,0,0,500,371041070,74120000,0,0,0,0,74110000,0,0,0,0,64,0,0,0,0,6,0,0,0,0,
20240729,20240729,,cu2408,,13:42:29,74120000,74030000,0,74010000,74110000,73990000,74670000,0,79210000,68840000,24109,93003,8945428450000,86048,0,0,0,371041040,74120000,0,0,0,0,74110000,0,0,0,0,62,0,0,0,0,6,0,0,0,0,
20240729,20240729,,cu2408,,13:42:29,74120000,74030000,0,74010000,74110000,73990000,74670000,0,79210000,68840000,24109,93003,8945428450000,86048,0,0,500,371041040,74120000,0,0,0,0,74110000,0,0,0,0,62,0,0,0,0,6,0,0,0,0,
20240729,20240729,,cu2408,,13:42:31,74120000,74030000,0,74010000,74110000,73990000,74670000,0,79210000,68840000,24109,93003,8945428450000,86048,0,0,500,371041040,74120000,0,0,0,0,74110000,0,0,0,0,62,0,0,0,0,8,0,0,0,0,
20240729,20240729,,cu2408,,13:42:32,74120000,74030000,0,74010000,74110000,73990000,74670000,0,79210000,68840000,24109,93003,8945428450000,86048,0,0,0,371041040,74120000,0,0,0,0,74110000,0,0,0,0,63,0,0,0,0,8,0,0,0,0,
20240729,20240729,,cu2408,,13:42:35,74120000,74030000,0,74010000,74110000,73990000,74670000,0,79210000,68840000,24109,93003,8945428450000,86048,0,0,500,371041040,74120000,0,0,0,0,74110000,0,0,0,0,62,0,0,0,0,8,0,0,0,0,
20240729,20240729,,cu2408,,13:42:36,74120000,74030000,0,74010000,74110000,73990000,74670000,0,79210000,68840000,24109,93003,8945428450000,86048,0,0,0,371041040,74120000,0,0,0,0,74110000,0,0,0,0,63,0,0,0,0,7,0,0,0,0,
20240729,20240729,,cu2408,,13:42:36,74110000,74030000,0,74010000,74110000,73990000,74670000,0,79210000,68840000,24115,93003,8947651750000,86048,0,0,500,371040910,74120000,0,0,0,0,74100000,0,0,0,0,63,0,0,0,0,5,0,0,0,0,
20240729,20240729,,cu2408,,13:42:37,74110000,74030000,0,74010000,74110000,73990000,74670000,0,79210000,68840000,24115,93003,8947651750000,86048,0,0,0,371040910,74120000,0,0,0,0,74110000,0,0,0,0,63,0,0,0,0,3,0,0,0,0,
20240729,20240729,,cu2408,,13:42:37,74110000,74030000,0,74010000,74110000,73990000,74670000,0,79210000,68840000,24118,93003,8948763400000,86048,0,0,500,371040850,74120000,0,0,0,0,74100000,0,0,0,0,63,0,0,0,0,5,0,0,0,0,
20240729,20240729,,cu2408,,13:42:38,74110000,74030000,0,74010000,74110000,73990000,74670000,0,79210000,68840000,24118,93003,8948763400000,86048,0,0,0,371040850,74120000,0,0,0,0,74110000,0,0,0,0,63,0,0,0,0,10,0,0,0,0,
20240729,20240729,,cu2408,,13:42:38,74110000,74030000,0,74010000,74110000,73990000,74670000,0,79210000,68840000,24118,93003,8948763400000,86048,0,0,500,371040850,74120000,0,0,0,0,74110000,0,0,0,0,62,0,0,0,0,10,0,0,0,0,
20240729,20240729,,cu2408,,13:42:39,74110000,74030000,0,74010000,74110000,73990000,74670000,0,79210000,68840000,24118,93003,8948763400000,86048,0,0,0,371040850,74120000,0,0,0,0,74110000,0,0,0,0,62,0,0,0,0,10,0,0,0,0,
20240729,20240729,,cu2408,,13:42:39,74110000,74030000,0,74010000,74110000,73990000,74670000,0,79210000,68840000,24128,93003,8952468900000,86048,0,0,500,371040650,74120000,0,0,0,0,74100000,0,0,0,0,63,0,0,0,0,5,0,0,0,0,
20240729,20240729,,cu2408,,13:42:40,74110000,74030000,0,74010000,74110000,73990000,74670000,0,79210000,68840000,24128,93003,8952468900000,86048,0,0,0,371040650,74120000,0,0,0,0,74110000,0,0,0,0,62,0,0,0,0,1,0,0,0,0,
20240729,20240729,,cu2408,,13:42:40,74110000,74030000,0,74010000,74110000,73990000,74670000,0,79210000,68840000,24128,93003,8952468900000,86048,0,0,500,371040650,74120000,0,0,0,0,74110000,0,0,0,0,62,0,0,0,0,1,0,0,0,0,
20240729,20240729,,cu2408,,13:42:41,74110000,74030000,0,74010000,74110000,73990000,74670000,0,79210000,68840000,24128,93003,8952468900000,86048,0,0,0,371040650,74120000,0,0,0,0,74110000,0,0,0,0,62,0,0,0,0,4,0,0,0,0,
20240729,20240729,,cu2408,,13:42:41,74110000,74030000,0,74010000,74110000,73990000,74670000,0,79210000,68840000,24128,93003,8952468900000,86048,0,0,500,371040650,74120000,0,0,0,0,74110000,0,0,0,0,62,0,0,0,0,5,0,0,0,0,
20240729,20240729,,cu2408,,13:42:42,74120000,74030000,0,74010000,74110000,73990000,74670000,0,79210000,68840000,24129,93003,8952839500000,86048,0,0,0,371040630,74120000,0,0,0,0,74110000,0,0,0,0,61,0,0,0,0,3,0,0,0,0,
20240729,20240729,,cu2408,,13:42:42,74120000,74030000,0,74010000,74110000,73990000,74670000,0,79210000,68840000,24129,93003,8952839500000,86048,0,0,500,371040630,74120000,0,0,0,0,74110000,0,0,0,0,61,0,0,0,0,2,0,0,0,0,
20240729,20240729,,cu2408,,13:42:43,74120000,74030000,0,74010000,74110000,73990000,74670000,0,79210000,68840000,24129,93003,8952839500000,86048,0,0,0,371040630,74120000,0,0,0,0,74110000,0,0,0,0,62,0,0,0,0,2,0,0,0,0,
20240729,20240729,,cu2408,,13:42:43,74120000,74030000,0,74010000,74110000,73990000,74670000,0,79210000,68840000,24129,93003,8952839500000,86048,0,0,500,371040630,74120000,0,0,0,0,74110000,0,0,0,0,62,0,0,0,0,2,0,0,0,0,
20240729,20240729,,cu2408,,13:42:44,74110000,74030000,0,74010000,74110000,73990000,74670000,0,79210000,68840000,24131,93003,8953580600000,86048,0,0,0,371040590,74110000,0,0,0,0,74100000,0,0,0,0,2,0,0,0,0,5,0,0,0,0,
20240729,20240729,,cu2408,,13:42:44,74100000,74030000,0,74010000,74110000,73990000,74670000,0,79210000,68840000,24132,93003,8953951100000,86047,0,0,500,371040570,74110000,0,0,0,0,74100000,0,0,0,0,2,0,0,0,0,4,0,0,0,0,
20240729,20240729,,cu2408,,13:42:45,74100000,74030000,0,74010000,74110000,73990000,74670000,0,79210000,68840000,24132,93003,8953951100000,86047,0,0,0,371040570,74110000,0,0,0,0,74100000,0,0,0,0,3,0,0,0,0,3,0,0,0,0,
20240729,20240729,,cu2408,,13:42:46,74100000,74030000,0,74010000,74110000,73990000,74670000,0,79210000,68840000,24132,93003,8953951100000,86047,0,0,0,371040570,74110000,0,0,0,0,74100000,0,0,0,0,3,0,0,0,0,5,0,0,0,0,
20240729,20240729,,cu2408,,13:42:46,74110000,74030000,0,74010000,74110000,73990000,74670000,0,79210000,68840000,24133,93003,8954321650000,86048,0,0,500,371040550,74110000,0,0,0,0,74100000,0,0,0,0,2,0,0,0,0,4,0,0,0,0,
20240729,20240729,,cu2408,,13:42:49,74110000,74030000,0,74010000,74110000,73990000,74670000,0,79210000,68840000,24133,93003,8954321650000,86048,0,0,0,371040550,74110000,0,0,0,0,74100000,0,0,0,0,2,0,0,0,0,3,0,0,0,0,
20240729,20240729,,cu2408,,13:42:49,74110000,74030000,0,74010000,74110000,73990000,74670000,0,79210000,68840000,24133,93003,8954321650000,86048,0,0,500,371040550,74110000,0,0,0,0,74100000,0,0,0,0,3,0,0,0,0,2,0,0,0,0,
20240729,20240729,,cu2408,,13:42:50,74110000,74030000,0,74010000,74110000,73990000,74670000,0,79210000,68840000,24133,93003,8954321650000,86048,0,0,0,371040550,74110000,0,0,0,0,74100000,0,0,0,0,5,0,0,0,0,2,0,0,0,0,
20240729,20240729,,cu2408,,13:42:50,74110000,74030000,0,74010000,74110000,73990000,74670000,0,79210000,68840000,24133,93003,8954321650000,86048,0,0,500,371040550,74100000,0,0,0,0,74090000,0,0,0,0,2,0,0,0,0,5,0,0,0,0,
20240729,20240729,,cu2408,,13:42:51,74110000,74030000,0,74010000,74110000,73990000,74670000,0,79210000,68840000,24133,93003,8954321650000,86048,0,0,0,371040550,74100000,0,0,0,0,74090000,0,0,0,0,3,0,0,0,0,7,0,0,0,0,
20240729,20240729,,cu2408,,13:42:51,74110000,74030000,0,74010000,74110000,73990000,74670000,0,79210000,68840000,24133,93003,8954321650000,86048,0,0,500,371040550,74100000,0,0,0,0,74090000,0,0,0,0,3,0,0,0,0,6,0,0,0,0,
20240729,20240729,,cu2408,,13:42:52,74100000,74030000,0,74010000,74110000,73990000,74670000,0,79210000,68840000,24134,93003,8954692150000,86048,0,0,0,371040530,74110000,0,0,0,0,74100000,0,0,0,0,2,0,0,0,0,9,0,0,0,0,
20240729,20240729,,cu2408,,13:42:52,74100000,74030000,0,74010000,74110000,73990000,74670000,0,79210000,68840000,24134,93003,8954692150000,86048,0,0,500,371040530,74110000,0,0,0,0,74100000,0,0,0,0,3,0,0,0,0,9,0,0,0,0,
20240729,20240729,,cu2408,,13:42:53,74100000,74030000,0,74010000,74110000,73990000,74670000,0,79210000,68840000,24134,93003,8954692150000,86048,0,0,0,371040530,74110000,0,0,0,0,74100000,0,0,0,0,6,0,0,0,0,9,0,0,0,0,
20240729,20240729,,cu2408,,13:42:55,74100000,74030000,0,74010000,74110000,73990000,74670000,0,79210000,68840000,24134,93003,8954692150000,86048,0,0,0,371040530,74110000,0,0,0,0,74100000,0,0,0,0,3,0,0,0,0,9,0,0,0,0,
20240729,20240729,,cu2408,,13:42:55,74100000,74030000,0,74010000,74110000,73990000,74670000,0,79210000,68840000,24136,93003,8955433150000,86048,0,0,500,371040480,74110000,0,0,0,0,74100000,0,0,0,0,3,0,0,0,0,7,0,0,0,0,
20240729,20240729,,cu2408,,13:42:56,74100000,74030000,0,74010000,74110000,73990000,74670000,0,79210000,68840000,24143,93003,8958026650000,86048,0,0,0,371040320,74110000,0,0,0,0,74090000,0,0,0,0,3,0,0,0,0,6,0,0,0,0,
20240729,20240729,,cu2408,,13:42:56,74100000,74030000,0,74010000,74110000,73990000,74670000,0,79210000,68840000,24143,93003,8958026650000,86048,0,0,500,371040320,74110000,0,0,0,0,74090000,0,0,0,0,8,0,0,0,0,4,0,0,0,0,
20240729,20240729,,cu2408,,13:42:57,74100000,74030000,0,74010000,74110000,73990000,74670000,0,79210000,68840000,24143,93003,8958026650000,86048,0,0,0,371040320,74110000,0,0,0,0,74090000,0,0,0,0,4,0,0,0,0,13,0,0,0,0,
20240729,20240729,,cu2408,,13:42:57,74100000,74030000,0,74010000,74110000,73990000,74670000,0,79210000,68840000,24143,93003,8958026650000,86048,0,0,500,371040320,74110000,0,0,0,0,74100000,0,0,0,0,2,0,0,0,0,1,0,0,0,0,
20240729,20240729,,cu2408,,13:42:58,74100000,74030000,0,74010000,74110000,73990000,74670000,0,79210000,68840000,24144,93003,8958397150000,86048,0,0,0,371040300,74100000,0,0,0,0,74090000,0,0,0,0,4,0,0,0,0,6,0,0,0,0,
20240729,20240729,,cu2408,,13:42:58,74090000,74030000,0,74010000,74110000,73990000,74670000,0,79210000,68840000,24146,93003,8959138050000,86048,0,0,500,371040250,74100000,0,0,0,0,74090000,0,0,0,0,13,0,0,0,0,4,0,0,0,0,
20240729,20240729,,cu2408,,13:42:59,74090000,74030000,0,74010000,74110000,73990000,74670000,0,79210000,68840000,24146,93003,8959138050000,86048,0,0,0,371040250,74100000,0,0,0,0,74090000,0,0,0,0,14,0,0,0,0,6,0,0,0,0,
20240729,20240729,,cu2408,,13:43:00,74090000,74030000,0,74010000,74110000,73990000,74670000,0,79210000,68840000,24146,93003,8959138050000,86048,0,0,0,371040250,74100000,0,0,0,0,74090000,0,0,0,0,13,0,0,0,0,6,0,0,0,0,
20240729,20240729,,cu2408,,13:43:01,74090000,74030000,0,74010000,74110000,73990000,74670000,0,79210000,68840000,24146,93003,8959138050000,86048,0,0,0,371040250,74100000,0,0,0,0,74090000,0,0,0,0,9,0,0,0,0,6,0,0,0,0,
20240729,20240729,,cu2408,,13:43:01,74090000,74030000,0,74010000,74110000,73990000,74670000,0,79210000,68840000,24146,93003,8959138050000,86048,0,0,500,371040250,74100000,0,0,0,0,74090000,0,0,0,0,9,0,0,0,0,6,0,0,0,0,
20240729,20240729,,cu2408,,13:43:02,74090000,74030000,0,74010000,74110000,73990000,74670000,0,79210000,68840000,24146,93003,8959138050000,86048,0,0,0,371040250,74100000,0,0,0,0,74090000,0,0,0,0,10,0,0,0,0,6,0,0,0,0,
20240729,20240729,,cu2408,,13:43:02,74090000,74030000,0,74010000,74110000,73990000,74670000,0,79210000,68840000,24146,93003,8959138050000,86048,0,0,500,371040250,74100000,0,0,0,0,74090000,0,0,0,0,10,0,0,0,0,1,0,0,0,0,
20240729,20240729,,cu2408,,13:43:03,74080000,74030000,0,74010000,74110000,73990000,74670000,0,79210000,68840000,24148,93003,8959878900000,86047,0,0,0,371040200,74100000,0,0,0,0,74080000,0,0,0,0,10,0,0,0,0,4,0,0,0,0,
20240729,20240729,,cu2408,,13:43:03,74080000,74030000,0,74010000,74110000,73990000,74670000,0,79210000,68840000,24148,93003,8959878900000,86047,0,0,500,371040200,74090000,0,0,0,0,74080000,0,0,0,0,4,0,0,0,0,4,0,0,0,0,
20240729,20240729,,cu2408,,13:43:04,74080000,74030000,0,74010000,74110000,73990000,74670000,0,79210000,68840000,24148,93003,8959878900000,86047,0,0,0,371040200,74090000,0,0,0,0,74080000,0,0,0,0,4,0,0,0,0,4,0,0,0,0,
20240729,20240729,,cu2408,,13:43:04,74080000,74030000,0,74010000,74110000,73990000,74670000,0,79210000,68840000,24148,93003,8959878900000,86047,0,0,500,371040200,74090000,0,0,0,0,74080000,0,0,0,0,5,0,0,0,0,4,0,0,0,0,
20240729,20240729,,cu2408,,13:43:05,74080000,74030000,0,74010000,74110000,73990000,74670000,0,79210000,68840000,24152,93003,8961360500000,86044,0,0,0,371040100,74090000,0,0,0,0,74070000,0,0,0,0,10,0,0,0,0,11,0,0,0,0,
20240729,20240729,,cu2408,,13:43:05,74080000,74030000,0,74010000,74110000,73990000,74670000,0,79210000,68840000,24152,93003,8961360500000,86044,0,0,500,371040100,74080000,0,0,0,0,74070000,0,0,0,0,5,0,0,0,0,11,0,0,0,0,
20240729,20240729,,cu2408,,13:43:06,74080000,74030000,0,74010000,74110000,73990000,74670000,0,79210000,68840000,24155,93003,8962471700000,86047,0,0,0,371040020,74080000,0,0,0,0,74070000,0,0,0,0,2,0,0,0,0,11,0,0,0,0,
20240729,20240729,,cu2408,,13:43:06,74080000,74030000,0,74010000,74110000,73990000,74670000,0,79210000,68840000,24157,93003,8963212500000,86047,0,0,500,371039960,74090000,0,0,0,0,74080000,0,0,0,0,1,0,0,0,0,7,0,0,0,0,
20240729,20240729,,cu2408,,13:43:07,74080000,74030000,0,74010000,74110000,73990000,74670000,0,79210000,68840000,24157,93003,8963212500000,86047,0,0,0,371039960,74090000,0,0,0,0,74080000,0,0,0,0,1,0,0,0,0,7,0,0,0,0,
20240729,20240729,,cu2408,,13:43:07,74090000,74030000,0,74010000,74110000,73990000,74670000,0,79210000,68840000,24158,93003,8963582950000,86048,0,0,500,371039940,74100000,0,0,0,0,74090000,0,0,0,0,9,0,0,0,0,2,0,0,0,0,
20240729,20240729,,cu2408,,13:43:08,74090000,74030000,0,74010000,74110000,73990000,74670000,0,79210000,68840000,24158,93003,8963582950000,86048,0,0,0,371039940,74100000,0,0,0,0,74090000,0,0,0,0,9,0,0,0,0,7,0,0,0,0,
20240729,20240729,,cu2408,,13:43:08,74090000,74030000,0,74010000,74110000,73990000,74670000,0,79210000,68840000,24159,93003,8963953400000,86049,0,0,500,371039910,74100000,0,0,0,0,74090000,0,0,0,0,9,0,0,0,0,6,0,0,0,0,
20240729,20240729,,cu2408,,13:43:09,74090000,74030000,0,74010000,74110000,73990000,74670000,0,79210000,68840000,24159,93003,8963953400000,86049,0,0,0,371039910,74100000,0,0,0,0,74090000,0,0,0,0,9,0,0,0,0,5,0,0,0,0,
20240729,20240729,,cu2408,,13:43:09,74090000,74030000,0,74010000,74110000,73990000,74670000,0,79210000,68840000,24159,93003,8963953400000,86049,0,0,500,371039910,74100000,0,0,0,0,74080000,0,0,0,0,9,0,0,0,0,9,0,0,0,0,
20240729,20240729,,cu2408,,13:43:10,74090000,74030000,0,74010000,74110000,73990000,74670000,0,79210000,68840000,24159,93003,8963953400000,86049,0,0,0,371039910,74100000,0,0,0,0,74080000,0,0,0,0,10,0,0,0,0,6,0,0,0,0,
20240729,20240729,,cu2408,,13:43:10,74090000,74030000,0,74010000,74110000,73990000,74670000,0,79210000,68840000,24159,93003,8963953400000,86049,0,0,500,371039910,74100000,0,0,0,0,74080000,0,0,0,0,10,0,0,0,0,6,0,0,0,0,
20240729,20240729,,cu2408,,13:43:11,74090000,74030000,0,74010000,74110000,73990000,74670000,0,79210000,68840000,24159,93003,8963953400000,86049,0,0,0,371039910,74100000,0,0,0,0,74080000,0,0,0,0,10,0,0,0,0,4,0,0,0,0,
20240729,20240729,,cu2408,,13:43:11,74090000,74030000,0,74010000,74110000,73990000,74670000,0,79210000,68840000,24159,93003,8963953400000,86049,0,0,500,371039910,74100000,0,0,0,0,74080000,0,0,0,0,10,0,0,0,0,4,0,0,0,0,
20240729,20240729,,cu2408,,13:43:12,74090000,74030000,0,74010000,74110000,73990000,74670000,0,79210000,68840000,24159,93003,8963953400000,86049,0,0,0,371039910,74100000,0,0,0,0,74090000,0,0,0,0,9,0,0,0,0,3,0,0,0,0,
20240729,20240729,,cu2408,,13:43:12,74090000,74030000,0,74010000,74110000,73990000,74670000,0,79210000,68840000,24159,93003,8963953400000,86049,0,0,500,371039910,74100000,0,0,0,0,74090000,0,0,0,0,9,0,0,0,0,4,0,0,0,0,
20240729,20240729,,cu2408,,13:43:14,74090000,74030000,0,74010000,74110000,73990000,74670000,0,79210000,68840000,24159,93003,8963953400000,86049,0,0,500,371039910,74100000,0,0,0,0,74090000,0,0,0,0,9,0,0,0,0,2,0,0,0,0,
20240729,20240729,,cu2408,,13:43:15,74100000,74030000,0,74010000,74110000,73990000,74670000,0,79210000,68840000,24160,93003,8964323900000,86048,0,0,0,371039890,74100000,0,0,0,0,74090000,0,0,0,0,8,0,0,0,0,7,0,0,0,0,
20240729,20240729,,cu2408,,13:43:15,74090000,74030000,0,74010000,74110000,73990000,74670000,0,79210000,68840000,24163,93003,8965435250000,86046,0,0,500,371039820,74100000,0,0,0,0,74080000,0,0,0,0,8,0,0,0,0,9,0,0,0,0,
20240729,20240729,,cu2408,,13:43:16,74090000,74030000,0,74010000,74110000,73990000,74670000,0,79210000,68840000,24163,93003,8965435250000,86046,0,0,0,371039820,74100000,0,0,0,0,74080000,0,0,0,0,9,0,0,0,0,7,0,0,0,0,
20240729,20240729,,cu2408,,13:43:16,74090000,74030000,0,74010000,74110000,73990000,74670000,0,79210000,68840000,24163,93003,8965435250000,86046,0,0,500,371039820,74090000,0,0,0,0,74080000,0,0,0,0,4,0,0,0,0,4,0,0,0,0,
20240729,20240729,,cu2408,,13:43:17,74090000,74030000,0,74010000,74110000,73990000,74670000,0,79210000,68840000,24163,93003,8965435250000,86046,0,0,0,371039820,74090000,0,0,0,0,74080000,0,0,0,0,5,0,0,0,0,4,0,0,0,0,
20240729,20240729,,cu2408,,13:43:17,74090000,74030000,0,74010000,74110000,73990000,74670000,0,79210000,68840000,24163,93003,8965435250000,86046,0,0,500,371039820,74090000,0,0,0,0,74080000,0,0,0,0,6,0,0,0,0,5,0,0,0,0,
20240729,20240729,,cu2408,,13:43:18,74090000,74030000,0,74010000,74110000,73990000,74670000,0,79210000,68840000,24169,93003,8967657950000,86047,0,0,0,371039670,74100000,0,0,0,0,74090000,0,0,0,0,11,0,0,0,0,4,0,0,0,0,
20240729,20240729,,cu2408,,13:43:18,74090000,74030000,0,74010000,74110000,73990000,74670000,0,79210000,68840000,24173,93003,8969139750000,86051,0,0,500,371039580,74090000,0,0,0,0,74080000,0,0,0,0,8,0,0,0,0,4,0,0,0,0,
20240729,20240729,,cu2408,,13:43:19,74090000,74030000,0,74010000,74110000,73990000,74670000,0,79210000,68840000,24173,93003,8969139750000,86051,0,0,0,371039580,74090000,0,0,0,0,74080000,0,0,0,0,8,0,0,0,0,4,0,0,0,0,
20240729,20240729,,cu2408,,13:43:20,74090000,74030000,0,74010000,74110000,73990000,74670000,0,79210000,68840000,24173,93003,8969139750000,86051,0,0,0,371039580,74090000,0,0,0,0,74080000,0,0,0,0,19,0,0,0,0,4,0,0,0,0,
20240729,20240729,,cu2408,,13:43:20,74090000,74030000,0,74010000,74110000,73990000,74670000,0,79210000,68840000,24173,93003,8969139750000,86051,0,0,500,371039580,74090000,0,0,0,0,74080000,0,0,0,0,15,0,0,0,0,4,0,0,0,0,
20240729,20240729,,cu2408,,13:43:21,74090000,74030000,0,74010000,74110000,73990000,74670000,0,79210000,68840000,24173,93003,8969139750000,86051,0,0,0,371039580,74090000,0,0,0,0,74080000,0,0,0,0,15,0,0,0,0,4,0,0,0,0,
20240729,20240729,,cu2408,,13:43:21,74090000,74030000,0,74010000,74110000,73990000,74670000,0,79210000,68840000,24174,93003,8969510200000,86051,0,0,500,371039550,74090000,0,0,0,0,74080000,0,0,0,0,14,0,0,0,0,4,0,0,0,0,
20240729,20240729,,cu2408,,13:43:22,74090000,74030000,0,74010000,74110000,73990000,74670000,0,79210000,68840000,24174,93003,8969510200000,86051,0,0,500,371039550,74090000,0,0,0,0,74080000,0,0,0,0,14,0,0,0,0,5,0,0,0,0,
20240729,20240729,,cu2408,,13:43:23,74090000,74030000,0,74010000,74110000,73990000,74670000,0,79210000,68840000,24174,93003,8969510200000,86051,0,0,0,371039550,74090000,0,0,0,0,74080000,0,0,0,0,14,0,0,0,0,7,0,0,0,0,
20240729,20240729,,cu2408,,13:43:23,74090000,74030000,0,74010000,74110000,73990000,74670000,0,79210000,68840000,24174,93003,8969510200000,86051,0,0,500,371039550,74090000,0,0,0,0,74080000,0,0,0,0,14,0,0,0,0,6,0,0,0,0,
20240729,20240729,,cu2408,,13:43:24,74090000,74030000,0,74010000,74110000,73990000,74670000,0,79210000,68840000,24174,93003,8969510200000,86051,0,0,0,371039550,74090000,0,0,0,0,74080000,0,0,0,0,14,0,0,0,0,7,0,0,0,0,
20240729,20240729,,cu2408,,13:43:24,74090000,74030000,0,74010000,74110000,73990000,74670000,0,79210000,68840000,24174,93003,8969510200000,86051,0,0,500,371039550,74090000,0,0,0,0,74080000,0,0,0,0,12,0,0,0,0,7,0,0,0,0,
20240729,20240729,,cu2408,,13:43:25,74090000,74030000,0,74010000,74110000,73990000,74670000,0,79210000,68840000,24174,93003,8969510200000,86051,0,0,500,371039550,74090000,0,0,0,0,74080000,0,0,0,0,12,0,0,0,0,7,0,0,0,0,
20240729,20240729,,cu2408,,13:43:26,74090000,74030000,0,74010000,74110000,73990000,74670000,0,79210000,68840000,24174,93003,8969510200000,86051,0,0,0,371039550,74090000,0,0,0,0,74080000,0,0,0,0,12,0,0,0,0,6,0,0,0,0,
20240729,20240729,,cu2408,,13:43:27,74090000,74030000,0,74010000,74110000,73990000,74670000,0,79210000,68840000,24174,93003,8969510200000,86051,0,0,0,371039550,74090000,0,0,0,0,74080000,0,0,0,0,12,0,0,0,0,7,0,0,0,0,
20240729,20240729,,cu2408,,13:43:28,74090000,74030000,0,74010000,74110000,73990000,74670000,0,79210000,68840000,24174,93003,8969510200000,86051,0,0,0,371039550,74090000,0,0,0,0,74080000,0,0,0,0,12,0,0,0,0,7,0,0,0,0,
20240729,20240729,,cu2408,,13:43:28,74090000,74030000,0,74010000,74110000,73990000,74670000,0,79210000,68840000,24185,93003,8973585150000,86059,0,0,500,371039280,74100000,0,0,0,0,74090000,0,0,0,0,8,0,0,0,0,9,0,0,0,0,
20240729,20240729,,cu2408,,13:43:29,74080000,74030000,0,74010000,74110000,73990000,74670000,0,79210000,68840000,24202,93003,8979882400000,86046,0,0,0,371038850,74080000,0,0,0,0,74070000,0,0,0,0,3,0,0,0,0,14,0,0,0,0,
20240729,20240729,,cu2408,,13:43:29,74080000,74030000,0,74010000,74110000,73990000,74670000,0,79210000,68840000,24205,93003,8980993600000,86046,0,0,500,371038770,74100000,0,0,0,0,74080000,0,0,0,0,8,0,0,0,0,22,0,0,0,0,
20240729,20240729,,cu2408,,13:43:30,74080000,74030000,0,74010000,74110000,73990000,74670000,0,79210000,68840000,24205,93003,8980993600000,86046,0,0,0,371038770,74100000,0,0,0,0,74080000,0,0,0,0,9,0,0,0,0,20,0,0,0,0,
20240729,20240729,,cu2408,,13:43:34,74080000,74030000,0,74010000,74110000,73990000,74670000,0,79210000,68840000,24205,93003,8980993600000,86046,0,0,500,371038770,74100000,0,0,0,0,74080000,0,0,0,0,9,0,0,0,0,20,0,0,0,0,
20240729,20240729,,cu2408,,13:43:37,74100000,74030000,0,74010000,74110000,73990000,74670000,0,79210000,68840000,24206,93003,8981364100000,86045,0,0,0,371038750,74100000,0,0,0,0,74080000,0,0,0,0,8,0,0,0,0,20,0,0,0,0,
20240729,20240729,,cu2408,,13:43:37,74100000,74030000,0,74010000,74110000,73990000,74670000,0,79210000,68840000,24206,93003,8981364100000,86045,0,0,500,371038750,74100000,0,0,0,0,74090000,0,0,0,0,8,0,0,0,0,3,0,0,0,0,
20240729,20240729,,cu2408,,13:43:38,74100000,74030000,0,74010000,74110000,73990000,74670000,0,79210000,68840000,24206,93003,8981364100000,86045,0,0,0,371038750,74100000,0,0,0,0,74090000,0,0,0,0,7,0,0,0,0,6,0,0,0,0,
20240729,20240729,,cu2408,,13:43:38,74090000,74030000,0,74010000,74110000,73990000,74670000,0,79210000,68840000,24209,93003,8982475550000,86042,0,0,500,371038680,74100000,0,0,0,0,74090000,0,0,0,0,5,0,0,0,0,7,0,0,0,0,
20240729,20240729,,cu2408,,13:43:39,74100000,74030000,0,74010000,74110000,73990000,74670000,0,79210000,68840000,24214,93003,8984328050000,86037,0,0,0,371038570,74110000,0,0,0,0,74090000,0,0,0,0,5,0,0,0,0,7,0,0,0,0,
20240729,20240729,,cu2408,,13:43:39,74100000,74030000,0,74010000,74110000,73990000,74670000,0,79210000,68840000,24214,93003,8984328050000,86037,0,0,500,371038570,74110000,0,0,0,0,74100000,0,0,0,0,6,0,0,0,0,1,0,0,0,0,
20240729,20240729,,cu2408,,13:43:40,74100000,74030000,0,74010000,74110000,73990000,74670000,0,79210000,68840000,24214,93003,8984328050000,86037,0,0,0,371038570,74110000,0,0,0,0,74100000,0,0,0,0,5,0,0,0,0,4,0,0,0,0,
20240729,20240729,,cu2408,,13:43:40,74100000,74030000,0,74010000,74110000,73990000,74670000,0,79210000,68840000,24214,93003,8984328050000,86037,0,0,500,371038570,74110000,0,0,0,0,74100000,0,0,0,0,5,0,0,0,0,4,0,0,0,0,
20240729,20240729,,cu2408,,13:43:42,74100000,74030000,0,74010000,74110000,73990000,74670000,0,79210000,68840000,24218,93003,8985810050000,86034,0,0,0,371038480,74100000,0,0,0,0,74090000,0,0,0,0,16,0,0,0,0,7,0,0,0,0,
20240729,20240729,,cu2408,,13:43:42,74100000,74030000,0,74010000,74110000,73990000,74670000,0,79210000,68840000,24220,93003,8986551050000,86033,0,0,500,371038440,74100000,0,0,0,0,74090000,0,0,0,0,14,0,0,0,0,9,0,0,0,0,
20240729,20240729,,cu2408,,13:43:43,74100000,74030000,0,74010000,74110000,73990000,74670000,0,79210000,68840000,24222,93003,8987292050000,86032,0,0,0,371038390,74100000,0,0,0,0,74090000,0,0,0,0,12,0,0,0,0,13,0,0,0,0,
20240729,20240729,,cu2408,,13:43:43,74100000,74030000,0,74010000,74110000,73990000,74670000,0,79210000,68840000,24223,93003,8987662550000,86031,0,0,500,371038370,74100000,0,0,0,0,74090000,0,0,0,0,11,0,0,0,0,13,0,0,0,0,
20240729,20240729,,cu2408,,13:43:44,74100000,74030000,0,74010000,74110000,73990000,74670000,0,79210000,68840000,24224,93003,8988033050000,86030,0,0,0,371038350,74100000,0,0,0,0,74090000,0,0,0,0,10,0,0,0,0,13,0,0,0,0,
20240729,20240729,,cu2408,,13:43:44,74100000,74030000,0,74010000,74110000,73990000,74670000,0,79210000,68840000,24225,93003,8988403550000,86029,0,0,500,371038330,74100000,0,0,0,0,74090000,0,0,0,0,9,0,0,0,0,7,0,0,0,0,
20240729,20240729,,cu2408,,13:43:45,74100000,74030000,0,74010000,74110000,73990000,74670000,0,79210000,68840000,24226,93003,8988774050000,86028,0,0,500,371038300,74100000,0,0,0,0,74090000,0,0,0,0,8,0,0,0,0,9,0,0,0,0,
20240729,20240729,,cu2408,,13:43:46,74090000,74030000,0,74010000,74110000,73990000,74670000,0,79210000,68840000,24227,93003,8989144500000,86028,0,0,0,371038280,74100000,0,0,0,0,74090000,0,0,0,0,8,0,0,0,0,6,0,0,0,0,
20240729,20240729,,cu2408,,13:43:46,74090000,74030000,0,74010000,74110000,73990000,74670000,0,79210000,68840000,24227,93003,8989144500000,86028,0,0,500,371038280,74100000,0,0,0,0,74090000,0,0,0,0,8,0,0,0,0,6,0,0,0,0,
20240729,20240729,,cu2408,,13:43:48,74100000,74030000,0,74010000,74110000,73990000,74670000,0,79210000,68840000,24228,93003,8989515000000,86027,0,0,0,371038260,74100000,0,0,0,0,74090000,0,0,0,0,7,0,0,0,0,6,0,0,0,0,
20240729,20240729,,cu2408,,13:43:49,74100000,74030000,0,74010000,74110000,73990000,74670000,0,79210000,68840000,24229,93003,8989885500000,86026,0,0,0,371038240,74100000,0,0,0,0,74090000,0,0,0,0,6,0,0,0,0,8,0,0,0,0,
20240729,20240729,,cu2408,,13:43:49,74100000,74030000,0,74010000,74110000,73990000,74670000,0,79210000,68840000,24230,93003,8990256000000,86025,0,0,500,371038210,74100000,0,0,0,0,74090000,0,0,0,0,5,0,0,0,0,9,0,0,0,0,
20240729,20240729,,cu2408,,13:43:50,74100000,74030000,0,74010000,74110000,73990000,74670000,0,79210000,68840000,24231,93003,8990626500000,86024,0,0,0,371038190,74100000,0,0,0,0,74090000,0,0,0,0,4,0,0,0,0,9,0,0,0,0,
20240729,20240729,,cu2408,,13:43:50,74100000,74030000,0,74010000,74110000,73990000,74670000,0,79210000,68840000,24232,93003,8990997000000,86023,0,0,500,371038170,74100000,0,0,0,0,74090000,0,0,0,0,3,0,0,0,0,9,0,0,0,0,
20240729,20240729,,cu2408,,13:43:51,74100000,74030000,0,74010000,74110000,73990000,74670000,0,79210000,68840000,24233,93003,8991367500000,86022,0,0,0,371038150,74100000,0,0,0,0,74090000,0,0,0,0,2,0,0,0,0,9,0,0,0,0,
20240729,20240729,,cu2408,,13:43:51,74100000,74030000,0,74010000,74110000,73990000,74670000,0,79210000,68840000,24234,93003,8991738000000,86021,0,0,500,371038120,74100000,0,0,0,0,74090000,0,0,0,0,1,0,0,0,0,9,0,0,0,0,
20240729,20240729,,cu2408,,13:43:52,74100000,74030000,0,74010000,74110000,73990000,74670000,0,79210000,68840000,24235,93003,8992108500000,86020,0,0,0,371038100,74110000,0,0,0,0,74090000,0,0,0,0,5,0,0,0,0,9,0,0,0,0,
20240729,20240729,,cu2408,,13:43:52,74110000,74030000,0,74010000,74110000,73990000,74670000,0,79210000,68840000,24236,93003,8992479050000,86019,0,0,500,371038080,74110000,0,0,0,0,74100000,0,0,0,0,4,0,0,0,0,7,0,0,0,0,
20240729,20240729,,cu2408,,13:43:53,74110000,74030000,0,74010000,74110000,73990000,74670000,0,79210000,68840000,24237,93003,8992849600000,86018,0,0,0,371038060,74110000,0,0,0,0,74100000,0,0,0,0,3,0,0,0,0,11,0,0,0,0,
20240729,20240729,,cu2408,,13:43:53,74110000,74030000,0,74010000,74110000,73990000,74670000,0,79210000,68840000,24239,93003,8993590650000,86017,0,0,500,371038020,74110000,0,0,0,0,74100000,0,0,0,0,2,0,0,0,0,10,0,0,0,0,
20240729,20240729,,cu2408,,13:43:54,74110000,74030000,0,74010000,74110000,73990000,74670000,0,79210000,68840000,24240,93003,8993961200000,86016,0,0,0,371038000,74110000,0,0,0,0,74100000,0,0,0,0,1,0,0,0,0,10,0,0,0,0,
20240729,20240729,,cu2408,,13:43:54,74110000,74030000,0,74010000,74110000,73990000,74670000,0,79210000,68840000,24241,93003,8994331750000,86015,0,0,500,371037980,74120000,0,0,0,0,74100000,0,0,0,0,60,0,0,0,0,10,0,0,0,0,
20240729,20240729,,cu2408,,13:43:55,74110000,74030000,0,74010000,74110000,73990000,74670000,0,79210000,68840000,24241,93003,8994331750000,86015,0,0,0,371037980,74120000,0,0,0,0,74100000,0,0,0,0,60,0,0,0,0,10,0,0,0,0,
20240729,20240729,,cu2408,,13:43:55,74110000,74030000,0,74010000,74110000,73990000,74670000,0,79210000,68840000,24241,93003,8994331750000,86015,0,0,500,371037980,74120000,0,0,0,0,74100000,0,0,0,0,60,0,0,0,0,10,0,0,0,0,
20240729,20240729,,cu2408,,13:43:56,74110000,74030000,0,74010000,74110000,73990000,74670000,0,79210000,68840000,24241,93003,8994331750000,86015,0,0,0,371037980,74120000,0,0,0,0,74100000,0,0,0,0,60,0,0,0,0,6,0,0,0,0,
20240729,20240729,,cu2408,,13:43:56,74110000,74030000,0,74010000,74110000,73990000,74670000,0,79210000,68840000,24241,93003,8994331750000,86015,0,0,500,371037980,74120000,0,0,0,0,74100000,0,0,0,0,61,0,0,0,0,5,0,0,0,0,
20240729,20240729,,cu2408,,13:43:57,74090000,74030000,0,74010000,74110000,73990000,74670000,0,79210000,68840000,24251,93003,8998036500000,86012,0,0,0,371037750,74090000,0,0,0,0,74080000,0,0,0,0,14,0,0,0,0,12,0,0,0,0,
20240729,20240729,,cu2408,,13:43:57,74090000,74030000,0,74010000,74110000,73990000,74670000,0,79210000,68840000,24265,93003,9003222800000,85998,0,0,500,371037410,74100000,0,0,0,0,74090000,0,0,0,0,1,0,0,0,0,14,0,0,0,0,
20240729,20240729,,cu2408,,13:43:58,74100000,74030000,0,74010000,74110000,73990000,74670000,0,79210000,68840000,24267,93003,9003963800000,85996,0,0,0,371037360,74120000,0,0,0,0,74100000,0,0,0,0,60,0,0,0,0,1,0,0,0,0,
20240729,20240729,,cu2408,,13:43:58,74110000,74030000,0,74010000,74110000,73990000,74670000,0,79210000,68840000,24268,93003,9004334350000,85995,0,0,500,371037340,74110000,0,0,0,0,74100000,0,0,0,0,2,0,0,0,0,1,0,0,0,0,
20240729,20240729,,cu2408,,13:43:59,74110000,74030000,0,74010000,74110000,73990000,74670000,0,79210000,68840000,24268,93003,9004334350000,85995,0,0,0,371037340,74110000,0,0,0,0,74100000,0,0,0,0,3,0,0,0,0,2,0,0,0,0,
20240729,20240729,,cu2408,,13:43:59,74110000,74030000,0,74010000,74110000,73990000,74670000,0,79210000,68840000,24268,93003,9004334350000,85995,0,0,500,371037340,74110000,0,0,0,0,74100000,0,0,0,0,4,0,0,0,0,2,0,0,0,0,
20240729,20240729,,cu2408,,13:44:00,74110000,74030000,0,74010000,74110000,73990000,74670000,0,79210000,68840000,24268,93003,9004334350000,85995,0,0,0,371037340,74110000,0,0,0,0,74100000,0,0,0,0,3,0,0,0,0,2,0,0,0,0,
20240729,20240729,,cu2408,,13:44:01,74110000,74030000,0,74010000,74110000,73990000,74670000,0,79210000,68840000,24268,93003,9004334350000,85995,0,0,0,371037340,74110000,0,0,0,0,74100000,0,0,0,0,4,0,0,0,0,2,0,0,0,0,
20240729,20240729,,cu2408,,13:44:02,74110000,74030000,0,74010000,74110000,73990000,74670000,0,79210000,68840000,24269,93003,9004704900000,85994,0,0,0,371037320,74110000,0,0,0,0,74100000,0,0,0,0,3,0,0,0,0,2,0,0,0,0,
20240729,20240729,,cu2408,,13:44:03,74110000,74030000,0,74010000,74110000,73990000,74670000,0,79210000,68840000,24269,93003,9004704900000,85994,0,0,500,371037320,74120000,0,0,0,0,74100000,0,0,0,0,60,0,0,0,0,2,0,0,0,0,
20240729,20240729,,cu2408,,13:44:04,74110000,74030000,0,74010000,74110000,73990000,74670000,0,79210000,68840000,24269,93003,9004704900000,85994,0,0,0,371037320,74120000,0,0,0,0,74100000,0,0,0,0,61,0,0,0,0,2,0,0,0,0,
20240729,20240729,,cu2408,,13:44:04,74110000,74030000,0,74010000,74110000,73990000,74670000,0,79210000,68840000,24269,93003,9004704900000,85994,0,0,500,371037320,74120000,0,0,0,0,74100000,0,0,0,0,60,0,0,0,0,10,0,0,0,0,
20240729,20240729,,cu2408,,13:44:05,74110000,74030000,0,74010000,74110000,73990000,74670000,0,79210000,68840000,24269,93003,9004704900000,85994,0,0,0,371037320,74120000,0,0,0,0,74100000,0,0,0,0,60,0,0,0,0,10,0,0,0,0,
20240729,20240729,,cu2408,,13:44:05,74110000,74030000,0,74010000,74110000,73990000,74670000,0,79210000,68840000,24269,93003,9004704900000,85994,0,0,500,371037320,74120000,0,0,0,0,74100000,0,0,0,0,60,0,0,0,0,10,0,0,0,0,
20240729,20240729,,cu2408,,13:44:06,74110000,74030000,0,74010000,74110000,73990000,74670000,0,79210000,68840000,24269,93003,9004704900000,85994,0,0,0,371037320,74120000,0,0,0,0,74100000,0,0,0,0,60,0,0,0,0,10,0,0,0,0,
20240729,20240729,,cu2408,,13:44:06,74100000,74030000,0,74010000,74110000,73990000,74670000,0,79210000,68840000,24289,93003,9012114900000,85988,0,0,500,371036880,74120000,0,0,0,0,74100000,0,0,0,0,60,0,0,0,0,1,0,0,0,0,
20240729,20240729,,cu2408,,13:44:07,74100000,74030000,0,74010000,74110000,73990000,74670000,0,79210000,68840000,24289,93003,9012114900000,85988,0,0,0,371036880,74120000,0,0,0,0,74100000,0,0,0,0,60,0,0,0,0,2,0,0,0,0,
20240729,20240729,,cu2408,,13:44:07,74100000,74030000,0,74010000,74110000,73990000,74670000,0,79210000,68840000,24289,93003,9012114900000,85988,0,0,500,371036880,74120000,0,0,0,0,74100000,0,0,0,0,60,0,0,0,0,2,0,0,0,0,
20240729,20240729,,cu2408,,13:44:13,74100000,74030000,0,74010000,74110000,73990000,74670000,0,79210000,68840000,24289,93003,9012114900000,85988,0,0,500,371036880,74120000,0,0,0,0,74100000,0,0,0,0,60,0,0,0,0,2,0,0,0,0,
20240729,20240729,,cu2408,,13:44:14,74100000,74030000,0,74010000,74110000,73990000,74670000,0,79210000,68840000,24289,93003,9012114900000,85988,0,0,0,371036880,74120000,0,0,0,0,74100000,0,0,0,0,60,0,0,0,0,2,0,0,0,0,
20240729,20240729,,cu2408,,13:44:15,74120000,74030000,0,74010000,74110000,73990000,74670000,0,79210000,68840000,24290,93003,9012485500000,85987,0,0,0,371036860,74120000,0,0,0,0,74110000,0,0,0,0,59,0,0,0,0,1,0,0,0,0,
20240729,20240729,,cu2408,,13:44:15,74120000,74030000,0,74010000,74110000,73990000,74670000,0,79210000,68840000,24291,93003,9012856100000,85986,0,0,500,371036850,74120000,0,0,0,0,74110000,0,0,0,0,58,0,0,0,0,2,0,0,0,0,
20240729,20240729,,cu2408,,13:44:16,74120000,74030000,0,74010000,74110000,73990000,74670000,0,79210000,68840000,24291,93003,9012856100000,85986,0,0,0,371036850,74120000,0,0,0,0,74100000,0,0,0,0,58,0,0,0,0,2,0,0,0,0,
20240729,20240729,,cu2408,,13:44:16,74120000,74030000,0,74010000,74110000,73990000,74670000,0,79210000,68840000,24291,93003,9012856100000,85986,0,0,500,371036850,74110000,0,0,0,0,74100000,0,0,0,0,1,0,0,0,0,4,0,0,0,0,
20240729,20240729,,cu2408,,13:44:17,74110000,74030000,0,74010000,74110000,73990000,74670000,0,79210000,68840000,24292,93003,9013226650000,85986,0,0,0,371036820,74120000,0,0,0,0,74110000,0,0,0,0,58,0,0,0,0,2,0,0,0,0,
20240729,20240729,,cu2408,,13:44:17,74110000,74030000,0,74010000,74110000,73990000,74670000,0,79210000,68840000,24292,93003,9013226650000,85986,0,0,500,371036820,74120000,0,0,0,0,74100000,0,0,0,0,58,0,0,0,0,3,0,0,0,0,
20240729,20240729,,cu2408,,13:44:18,74110000,74030000,0,74010000,74110000,73990000,74670000,0,79210000,68840000,24292,93003,9013226650000,85986,0,0,0,371036820,74120000,0,0,0,0,74100000,0,0,0,0,58,0,0,0,0,4,0,0,0,0,
20240729,20240729,,cu2408,,13:44:19,74110000,74030000,0,74010000,74110000,73990000,74670000,0,79210000,68840000,24292,93003,9013226650000,85986,0,0,0,371036820,74120000,0,0,0,0,74110000,0,0,0,0,58,0,0,0,0,2,0,0,0,0,
20240729,20240729,,cu2408,,13:44:19,74120000,74030000,0,74010000,74110000,73990000,74670000,0,79210000,68840000,24293,93003,9013597250000,85985,0,0,500,371036810,74120000,0,0,0,0,74110000,0,0,0,0,57,0,0,0,0,3,0,0,0,0,
20240729,20240729,,cu2408,,13:44:20,74120000,74030000,0,74010000,74110000,73990000,74670000,0,79210000,68840000,24293,93003,9013597250000,85985,0,0,0,371036810,74120000,0,0,0,0,74110000,0,0,0,0,57,0,0,0,0,1,0,0,0,0,
20240729,20240729,,cu2408,,13:44:22,74120000,74030000,0,74010000,74110000,73990000,74670000,0,79210000,68840000,24294,93003,9013967850000,85984,0,0,500,371036790,74120000,0,0,0,0,74110000,0,0,0,0,56,0,0,0,0,3,0,0,0,0,
20240729,20240729,,cu2408,,13:44:23,74120000,74030000,0,74010000,74110000,73990000,74670000,0,79210000,68840000,24295,93003,9014338450000,85983,0,0,0,371036770,74120000,0,0,0,0,74110000,0,0,0,0,56,0,0,0,0,5,0,0,0,0,
20240729,20240729,,cu2408,,13:44:23,74120000,74030000,0,74010000,74110000,73990000,74670000,0,79210000,68840000,24296,93003,9014709050000,85982,0,0,500,371036750,74120000,0,0,0,0,74110000,0,0,0,0,55,0,0,0,0,5,0,0,0,0,
20240729,20240729,,cu2408,,13:44:24,74120000,74030000,0,74010000,74110000,73990000,74670000,0,79210000,68840000,24297,93003,9015079650000,85981,0,0,0,371036740,74120000,0,0,0,0,74110000,0,0,0,0,54,0,0,0,0,1,0,0,0,0,
20240729,20240729,,cu2408,,13:44:24,74120000,74030000,0,74010000,74110000,73990000,74670000,0,79210000,68840000,24299,93003,9015820850000,85981,0,0,500,371036700,74120000,0,0,0,0,74110000,0,0,0,0,52,0,0,0,0,1,0,0,0,0,
20240729,20240729,,cu2408,,13:44:25,74120000,74030000,0,74010000,74110000,73990000,74670000,0,79210000,68840000,24300,93003,9016191450000,85980,0,0,0,371036680,74120000,0,0,0,0,74110000,0,0,0,0,51,0,0,0,0,5,0,0,0,0,
20240729,20240729,,cu2408,,13:44:25,74120000,74030000,0,74010000,74110000,73990000,74670000,0,79210000,68840000,24300,93003,9016191450000,85980,0,0,500,371036680,74120000,0,0,0,0,74110000,0,0,0,0,51,0,0,0,0,1,0,0,0,0,
20240729,20240729,,cu2408,,13:44:26,74120000,74030000,0,74010000,74110000,73990000,74670000,0,79210000,68840000,24300,93003,9016191450000,85980,0,0,0,371036680,74120000,0,0,0,0,74110000,0,0,0,0,51,0,0,0,0,1,0,0,0,0,
20240729,20240729,,cu2408,,13:44:26,74120000,74030000,0,74010000,74110000,73990000,74670000,0,79210000,68840000,24300,93003,9016191450000,85980,0,0,500,371036680,74120000,0,0,0,0,74110000,0,0,0,0,51,0,0,0,0,5,0,0,0,0,
20240729,20240729,,cu2408,,13:44:27,74120000,74030000,0,74010000,74110000,73990000,74670000,0,79210000,68840000,24301,93003,9016562050000,85979,0,0,0,371036660,74120000,0,0,0,0,74110000,0,0,0,0,50,0,0,0,0,5,0,0,0,0,
20240729,20240729,,cu2408,,13:44:27,74120000,74030000,0,74010000,74110000,73990000,74670000,0,79210000,68840000,24302,93003,9016932650000,85978,0,0,500,371036650,74120000,0,0,0,0,74110000,0,0,0,0,49,0,0,0,0,5,0,0,0,0,
20240729,20240729,,cu2408,,13:44:28,74120000,74030000,0,74010000,74110000,73990000,74670000,0,79210000,68840000,24303,93003,9017303250000,85977,0,0,0,371036630,74120000,0,0,0,0,74110000,0,0,0,0,48,0,0,0,0,5,0,0,0,0,
20240729,20240729,,cu2408,,13:44:28,74120000,74030000,0,74010000,74110000,73990000,74670000,0,79210000,68840000,24304,93003,9017673850000,85976,0,0,500,371036610,74120000,0,0,0,0,74110000,0,0,0,0,47,0,0,0,0,5,0,0,0,0,
20240729,20240729,,cu2408,,13:44:29,74120000,74030000,0,74010000,74110000,73990000,74670000,0,79210000,68840000,24305,93003,9018044450000,85975,0,0,0,371036590,74120000,0,0,0,0,74110000,0,0,0,0,46,0,0,0,0,1,0,0,0,0,
20240729,20240729,,cu2408,,13:44:29,74120000,74030000,0,74010000,74110000,73990000,74670000,0,79210000,68840000,24305,93003,9018044450000,85975,0,0,500,371036590,74120000,0,0,0,0,74110000,0,0,0,0,46,0,0,0,0,2,0,0,0,0,
20240729,20240729,,cu2408,,13:44:31,74120000,74030000,0,74010000,74110000,73990000,74670000,0,79210000,68840000,24306,93003,9018415050000,85974,0,0,0,371036570,74120000,0,0,0,0,74110000,0,0,0,0,45,0,0,0,0,4,0,0,0,0,
20240729,20240729,,cu2408,,13:44:31,74120000,74030000,0,74010000,74110000,73990000,74670000,0,79210000,68840000,24306,93003,9018415050000,85974,0,0,500,371036570,74120000,0,0,0,0,74110000,0,0,0,0,45,0,0,0,0,2,0,0,0,0,
20240729,20240729,,cu2408,,13:44:32,74110000,74030000,0,74010000,74110000,73990000,74670000,0,79210000,68840000,24308,93003,9019156150000,85972,0,0,0,371036530,74110000,0,0,0,0,74100000,0,0,0,0,18,0,0,0,0,2,0,0,0,0,
20240729,20240729,,cu2408,,13:44:32,74110000,74030000,0,74010000,74110000,73990000,74670000,0,79210000,68840000,24308,93003,9019156150000,85972,0,0,500,371036530,74110000,0,0,0,0,74100000,0,0,0,0,18,0,0,0,0,3,0,0,0,0,
20240729,20240729,,cu2408,,13:44:33,74110000,74030000,0,74010000,74110000,73990000,74670000,0,79210000,68840000,24308,93003,9019156150000,85972,0,0,500,371036530,74110000,0,0,0,0,74100000,0,0,0,0,18,0,0,0,0,4,0,0,0,0,
20240729,20240729,,cu2408,,13:44:34,74110000,74030000,0,74010000,74110000,73990000,74670000,0,79210000,68840000,24326,93003,9025826050000,85972,0,0,0,371036170,74120000,0,0,0,0,74110000,0,0,0,0,45,0,0,0,0,28,0,0,0,0,
20240729,20240729,,cu2408,,13:44:34,74110000,74030000,0,74010000,74110000,73990000,74670000,0,79210000,68840000,24326,93003,9025826050000,85972,0,0,500,371036170,74120000,0,0,0,0,74110000,0,0,0,0,45,0,0,0,0,28,0,0,0,0,
20240729,20240729,,cu2408,,13:44:38,74110000,74030000,0,74010000,74110000,73990000,74670000,0,79210000,68840000,24326,93003,9025826050000,85972,0,0,0,371036170,74120000,0,0,0,0,74110000,0,0,0,0,45,0,0,0,0,62,0,0,0,0,
20240729,20240729,,cu2408,,13:44:38,74110000,74030000,0,74010000,74110000,73990000,74670000,0,79210000,68840000,24326,93003,9025826050000,85972,0,0,500,371036170,74120000,0,0,0,0,74110000,0,0,0,0,45,0,0,0,0,62,0,0,0,0,
20240729,20240729,,cu2408,,13:44:40,74120000,74030000,0,74010000,74110000,73990000,74670000,0,79210000,68840000,24367,93003,9041020650000,85941,0,0,500,371035440,74120000,0,0,0,0,74110000,0,0,0,0,4,0,0,0,0,77,0,0,0,0,
20240729,20240729,,cu2408,,13:44:41,74120000,74030000,0,74010000,74110000,73990000,74670000,0,79210000,68840000,24373,93003,9043244250000,85939,0,0,0,371035330,74130000,0,0,0,0,74110000,0,0,0,0,5,0,0,0,0,62,0,0,0,0,
20240729,20240729,,cu2408,,13:44:41,74120000,74030000,0,74010000,74110000,73990000,74670000,0,79210000,68840000,24373,93003,9043244250000,85939,0,0,500,371035330,74130000,0,0,0,0,74120000,0,0,0,0,6,0,0,0,0,1,0,0,0,0,
20240729,20240729,,cu2408,,13:44:42,74120000,74030000,0,74010000,74110000,73990000,74670000,0,79210000,68840000,24373,93003,9043244250000,85939,0,0,0,371035330,74130000,0,0,0,0,74120000,0,0,0,0,7,0,0,0,0,1,0,0,0,0,
20240729,20240729,,cu2408,,13:44:43,74120000,74030000,0,74010000,74110000,73990000,74670000,0,79210000,68840000,24373,93003,9043244250000,85939,0,0,0,371035330,74130000,0,0,0,0,74110000,0,0,0,0,7,0,0,0,0,62,0,0,0,0,
20240729,20240729,,cu2408,,13:44:43,74120000,74030000,0,74010000,74110000,73990000,74670000,0,79210000,68840000,24373,93003,9043244250000,85939,0,0,500,371035330,74130000,0,0,0,0,74110000,0,0,0,0,8,0,0,0,0,62,0,0,0,0,
20240729,20240729,,cu2408,,13:44:44,74120000,74030000,0,74010000,74110000,73990000,74670000,0,79210000,68840000,24373,93003,9043244250000,85939,0,0,0,371035330,74130000,0,0,0,0,74120000,0,0,0,0,8,0,0,0,0,1,0,0,0,0,
20240729,20240729,,cu2408,,13:44:44,74120000,74030000,0,74010000,74110000,73990000,74670000,0,79210000,68840000,24373,93003,9043244250000,85939,0,0,500,371035330,74130000,0,0,0,0,74120000,0,0,0,0,6,0,0,0,0,1,0,0,0,0,
20240729,20240729,,cu2408,,13:44:45,74120000,74030000,0,74010000,74110000,73990000,74670000,0,79210000,68840000,24373,93003,9043244250000,85939,0,0,0,371035330,74130000,0,0,0,0,74110000,0,0,0,0,7,0,0,0,0,62,0,0,0,0,
20240729,20240729,,cu2408,,13:44:45,74120000,74030000,0,74010000,74110000,73990000,74670000,0,79210000,68840000,24373,93003,9043244250000,85939,0,0,500,371035330,74130000,0,0,0,0,74110000,0,0,0,0,6,0,0,0,0,65,0,0,0,0,
20240729,20240729,,cu2408,,13:44:46,74120000,74030000,0,74010000,74110000,73990000,74670000,0,79210000,68840000,24373,93003,9043244250000,85939,0,0,500,371035330,74130000,0,0,0,0,74120000,0,0,0,0,6,0,0,0,0,1,0,0,0,0,
20240729,20240729,,cu2408,,13:44:47,74120000,74030000,0,74010000,74110000,73990000,74670000,0,79210000,68840000,24373,93003,9043244250000,85939,0,0,0,371035330,74130000,0,0,0,0,74120000,0,0,0,0,6,0,0,0,0,1,0,0,0,0,
20240729,20240729,,cu2408,,13:44:49,74120000,74030000,0,74010000,74110000,73990000,74670000,0,79210000,68840000,24373,93003,9043244250000,85939,0,0,0,371035330,74130000,0,0,0,0,74120000,0,0,0,0,5,0,0,0,0,1,0,0,0,0,
20240729,20240729,,cu2408,,13:44:50,74120000,74030000,0,74010000,74110000,73990000,74670000,0,79210000,68840000,24373,93003,9043244250000,85939,0,0,0,371035330,74130000,0,0,0,0,74120000,0,0,0,0,6,0,0,0,0,1,0,0,0,0,
20240729,20240729,,cu2408,,13:44:50,74120000,74030000,0,74010000,74110000,73990000,74670000,0,79210000,68840000,24373,93003,9043244250000,85939,0,0,500,371035330,74130000,0,0,0,0,74120000,0,0,0,0,6,0,0,0,0,1,0,0,0,0,
20240729,20240729,,cu2408,,13:44:52,74120000,74030000,0,74010000,74110000,73990000,74670000,0,79210000,68840000,24373,93003,9043244250000,85939,0,0,0,371035330,74130000,0,0,0,0,74120000,0,0,0,0,5,0,0,0,0,1,0,0,0,0,
20240729,20240729,,cu2408,,13:44:55,74120000,74030000,0,74010000,74110000,73990000,74670000,0,79210000,68840000,24373,93003,9043244250000,85939,0,0,0,371035330,74130000,0,0,0,0,74120000,0,0,0,0,5,0,0,0,0,1,0,0,0,0,
20240729,20240729,,cu2408,,13:44:55,74120000,74030000,0,74010000,74110000,73990000,74670000,0,79210000,68840000,24374,93003,9043614850000,85938,0,0,500,371035310,74120000,0,0,0,0,74110000,0,0,0,0,39,0,0,0,0,64,0,0,0,0,
20240729,20240729,,cu2408,,13:44:56,74120000,74030000,0,74010000,74110000,73990000,74670000,0,79210000,68840000,24383,93003,9046950250000,85929,0,0,0,371035150,74120000,0,0,0,0,74110000,0,0,0,0,30,0,0,0,0,66,0,0,0,0,
20240729,20240729,,cu2408,,13:44:56,74120000,74030000,0,74010000,74110000,73990000,74670000,0,79210000,68840000,24385,93003,9047691450000,85928,0,0,500,371035120,74120000,0,0,0,0,74110000,0,0,0,0,28,0,0,0,0,66,0,0,0,0,
20240729,20240729,,cu2408,,13:44:57,74120000,74030000,0,74010000,74110000,73990000,74670000,0,79210000,68840000,24386,93003,9048062050000,85927,0,0,0,371035100,74120000,0,0,0,0,74110000,0,0,0,0,27,0,0,0,0,66,0,0,0,0,
20240729,20240729,,cu2408,,13:44:57,74120000,74030000,0,74010000,74110000,73990000,74670000,0,79210000,68840000,24404,93003,9054732850000,85925,0,0,500,371034780,74120000,0,0,0,0,74110000,0,0,0,0,9,0,0,0,0,68,0,0,0,0,
20240729,20240729,,cu2408,,13:44:58,74120000,74030000,0,74010000,74110000,73990000,74670000,0,79210000,68840000,24413,93003,9058068250000,85922,0,0,0,371034620,74130000,0,0,0,0,74110000,0,0,0,0,5,0,0,0,0,68,0,0,0,0,
20240729,20240729,,cu2408,,13:44:58,74120000,74030000,0,74010000,74110000,73990000,74670000,0,79210000,68840000,24413,93003,9058068250000,85922,0,0,500,371034620,74130000,0,0,0,0,74120000,0,0,0,0,5,0,0,0,0,4,0,0,0,0,
20240729,20240729,,cu2408,,13:44:59,74120000,74030000,0,74010000,74110000,73990000,74670000,0,79210000,68840000,24413,93003,9058068250000,85922,0,0,0,371034620,74130000,0,0,0,0,74120000,0,0,0,0,5,0,0,0,0,4,0,0,0,0,
20240729,20240729,,cu2408,,13:44:59,74130000,74030000,0,74010000,74110000,73990000,74670000,0,79210000,68840000,24414,93003,9058438900000,85921,0,0,500,371034600,74130000,0,0,0,0,74120000,0,0,0,0,4,0,0,0,0,12,0,0,0,0,
20240729,20240729,,cu2408,,13:45:00,74130000,74030000,0,74010000,74110000,73990000,74670000,0,79210000,68840000,24415,93003,9058809550000,85920,0,0,0,371034590,74130000,0,0,0,0,74120000,0,0,0,0,3,0,0,0,0,13,0,0,0,0,
20240729,20240729,,cu2408,,13:45:00,74130000,74030000,0,74010000,74110000,73990000,74670000,0,79210000,68840000,24416,93003,9059180200000,85919,0,0,500,371034570,74130000,0,0,0,0,74120000,0,0,0,0,2,0,0,0,0,13,0,0,0,0,
20240729,20240729,,cu2408,,13:45:01,74130000,74030000,0,74010000,74110000,73990000,74670000,0,79210000,68840000,24417,93003,9059550850000,85918,0,0,0,371034560,74130000,0,0,0,0,74120000,0,0,0,0,1,0,0,0,0,14,0,0,0,0,
20240729,20240729,,cu2408,,13:45:01,74130000,74030000,0,74010000,74110000,73990000,74670000,0,79210000,68840000,24418,93003,9059921500000,85918,0,0,500,371034540,74140000,0,0,0,0,74120000,0,0,0,0,28,0,0,0,0,14,0,0,0,0,
20240729,20240729,,cu2408,,13:45:02,74130000,74030000,0,74010000,74110000,73990000,74670000,0,79210000,68840000,24418,93003,9059921500000,85918,0,0,0,371034540,74140000,0,0,0,0,74120000,0,0,0,0,28,0,0,0,0,14,0,0,0,0,
20240729,20240729,,cu2408,,13:45:02,74130000,74030000,0,74010000,74110000,73990000,74670000,0,79210000,68840000,24418,93003,9059921500000,85918,0,0,500,371034540,74130000,0,0,0,0,74120000,0,0,0,0,1,0,0,0,0,14,0,0,0,0,
20240729,20240729,,cu2408,,13:45:03,74130000,74030000,0,74010000,74110000,73990000,74670000,0,79210000,68840000,24419,93003,9060292150000,85917,0,0,0,371034520,74140000,0,0,0,0,74120000,0,0,0,0,28,0,0,0,0,14,0,0,0,0,
20240729,20240729,,cu2408,,13:45:03,74140000,74030000,0,74010000,74110000,73990000,74670000,0,79210000,68840000,24420,93003,9060662850000,85916,0,0,500,371034510,74140000,0,0,0,0,74130000,0,0,0,0,28,0,0,0,0,3,0,0,0,0,
20240729,20240729,,cu2408,,13:45:04,74140000,74030000,0,74010000,74110000,73990000,74670000,0,79210000,68840000,24421,93003,9061033550000,85915,0,0,0,371034500,74140000,0,0,0,0,74130000,0,0,0,0,27,0,0,0,0,5,0,0,0,0,
20240729,20240729,,cu2408,,13:45:04,74140000,74030000,0,74010000,74110000,73990000,74670000,0,79210000,68840000,24422,93003,9061404250000,85914,0,0,500,371034480,74140000,0,0,0,0,74130000,0,0,0,0,26,0,0,0,0,5,0,0,0,0,
20240729,20240729,,cu2408,,13:45:05,74140000,74030000,0,74010000,74110000,73990000,74670000,0,79210000,68840000,24423,93003,9061774950000,85913,0,0,0,371034470,74140000,0,0,0,0,74130000,0,0,0,0,25,0,0,0,0,5,0,0,0,0,
20240729,20240729,,cu2408,,13:45:05,74130000,74030000,0,74010000,74110000,73990000,74670000,0,79210000,68840000,24426,93003,9062886900000,85910,0,0,500,371034420,74140000,0,0,0,0,74120000,0,0,0,0,25,0,0,0,0,4,0,0,0,0,
20240729,20240729,,cu2408,,13:45:06,74130000,74030000,0,74010000,74110000,73990000,74670000,0,79210000,68840000,24426,93003,9062886900000,85910,0,0,0,371034420,74140000,0,0,0,0,74120000,0,0,0,0,25,0,0,0,0,12,0,0,0,0,
20240729,20240729,,cu2408,,13:45:07,74130000,74030000,0,74010000,74110000,73990000,74670000,0,79210000,68840000,24426,93003,9062886900000,85910,0,0,0,371034420,74130000,0,0,0,0,74120000,0,0,0,0,9,0,0,0,0,8,0,0,0,0,
20240729,20240729,,cu2408,,13:45:07,74120000,74030000,0,74010000,74110000,73990000,74670000,0,79210000,68840000,24435,93003,9066222300000,85910,0,0,500,371034260,74130000,0,0,0,0,74120000,0,0,0,0,9,0,0,0,0,2,0,0,0,0,
20240729,20240729,,cu2408,,13:45:08,74120000,74030000,0,74010000,74110000,73990000,74670000,0,79210000,68840000,24437,93003,9066963500000,85908,0,0,0,371034230,74120000,0,0,0,0,74110000,0,0,0,0,1,0,0,0,0,63,0,0,0,0,
20240729,20240729,,cu2408,,13:45:08,74120000,74030000,0,74010000,74110000,73990000,74670000,0,79210000,68840000,24437,93003,9066963500000,85908,0,0,500,371034230,74120000,0,0,0,0,74110000,0,0,0,0,3,0,0,0,0,63,0,0,0,0,
20240729,20240729,,cu2408,,13:45:09,74120000,74030000,0,74010000,74110000,73990000,74670000,0,79210000,68840000,24438,93003,9067334100000,85907,0,0,500,371034210,74130000,0,0,0,0,74110000,0,0,0,0,9,0,0,0,0,67,0,0,0,0,
20240729,20240729,,cu2408,,13:45:10,74120000,74030000,0,74010000,74110000,73990000,74670000,0,79210000,68840000,24438,93003,9067334100000,85907,0,0,0,371034210,74130000,0,0,0,0,74110000,0,0,0,0,6,0,0,0,0,67,0,0,0,0,
20240729,20240729,,cu2408,,13:45:10,74120000,74030000,0,74010000,74110000,73990000,74670000,0,79210000,68840000,24438,93003,9067334100000,85907,0,0,500,371034210,74130000,0,0,0,0,74110000,0,0,0,0,6,0,0,0,0,67,0,0,0,0,
20240729,20240729,,cu2408,,13:45:12,74110000,74030000,0,74010000,74110000,73990000,74670000,0,79210000,68840000,24473,93003,9080303350000,85935,0,0,0,371033520,74130000,0,0,0,0,74110000,0,0,0,0,6,0,0,0,0,32,0,0,0,0,
20240729,20240729,,cu2408,,13:45:12,74110000,74030000,0,74010000,74110000,73990000,74670000,0,79210000,68840000,24473,93003,9080303350000,85935,0,0,500,371033520,74130000,0,0,0,0,74110000,0,0,0,0,5,0,0,0,0,32,0,0,0,0,
20240729,20240729,,cu2408,,13:45:13,74110000,74030000,0,74010000,74110000,73990000,74670000,0,79210000,68840000,24473,93003,9080303350000,85935,0,0,500,371033520,74130000,0,0,0,0,74110000,0,0,0,0,4,0,0,0,0,32,0,0,0,0,
20240729,20240729,,cu2408,,13:45:14,74130000,74030000,0,74010000,74110000,73990000,74670000,0,79210000,68840000,24474,93003,9080674000000,85934,0,0,0,371033500,74130000,0,0,0,0,74120000,0,0,0,0,3,0,0,0,0,2,0,0,0,0,
20240729,20240729,,cu2408,,13:45:14,74130000,74030000,0,74010000,74110000,73990000,74670000,0,79210000,68840000,24475,93003,9081044650000,85933,0,0,500,371033490,74130000,0,0,0,0,74120000,0,0,0,0,2,0,0,0,0,2,0,0,0,0,
20240729,20240729,,cu2408,,13:45:15,74130000,74030000,0,74010000,74110000,73990000,74670000,0,79210000,68840000,24476,93003,9081415300000,85932,0,0,0,371033470,74130000,0,0,0,0,74120000,0,0,0,0,1,0,0,0,0,2,0,0,0,0,
20240729,20240729,,cu2408,,13:45:15,74130000,74030000,0,74010000,74110000,73990000,74670000,0,79210000,68840000,24477,93003,9081785950000,85932,0,0,500,371033450,74140000,0,0,0,0,74130000,0,0,0,0,25,0,0,0,0,6,0,0,0,0,
20240729,20240729,,cu2408,,13:45:16,74140000,74030000,0,74010000,74110000,73990000,74670000,0,79210000,68840000,24478,93003,9082156650000,85931,0,0,0,371033440,74140000,0,0,0,0,74130000,0,0,0,0,24,0,0,0,0,2,0,0,0,0,
20240729,20240729,,cu2408,,13:45:18,74140000,74030000,0,74010000,74110000,73990000,74670000,0,79210000,68840000,24478,93003,9082156650000,85931,0,0,500,371033440,74140000,0,0,0,0,74130000,0,0,0,0,24,0,0,0,0,2,0,0,0,0,
20240729,20240729,,cu2408,,13:45:19,74140000,74030000,0,74010000,74110000,73990000,74670000,0,79210000,68840000,24478,93003,9082156650000,85931,0,0,0,371033440,74140000,0,0,0,0,74130000,0,0,0,0,24,0,0,0,0,1,0,0,0,0,
20240729,20240729,,cu2408,,13:45:20,74140000,74030000,0,74010000,74110000,73990000,74670000,0,79210000,68840000,24480,93003,9082898050000,85931,0,0,0,371033410,74140000,0,0,0,0,74130000,0,0,0,0,22,0,0,0,0,1,0,0,0,0,
20240729,20240729,,cu2408,,13:45:20,74140000,74030000,0,74010000,74110000,73990000,74670000,0,79210000,68840000,24480,93003,9082898050000,85931,0,0,500,371033410,74140000,0,0,0,0,74130000,0,0,0,0,22,0,0,0,0,1,0,0,0,0,
20240729,20240729,,cu2408,,13:45:21,74140000,74030000,0,74010000,74110000,73990000,74670000,0,79210000,68840000,24480,93003,9082898050000,85931,0,0,0,371033410,74140000,0,0,0,0,74130000,0,0,0,0,22,0,0,0,0,1,0,0,0,0,
20240729,20240729,,cu2408,,13:45:21,74140000,74030000,0,74010000,74110000,73990000,74670000,0,79210000,68840000,24481,93003,9083268750000,85930,0,0,500,371033400,74140000,0,0,0,0,74130000,0,0,0,0,21,0,0,0,0,2,0,0,0,0,
20240729,20240729,,cu2408,,13:45:22,74140000,74030000,0,74010000,74110000,73990000,74670000,0,79210000,68840000,24482,93003,9083639450000,85929,0,0,0,371033390,74140000,0,0,0,0,74130000,0,0,0,0,20,0,0,0,0,1,0,0,0,0,
20240729,20240729,,cu2408,,13:45:22,74140000,74030000,0,74010000,74110000,73990000,74670000,0,79210000,68840000,24483,93003,9084010150000,85928,0,0,500,371033370,74140000,0,0,0,0,74130000,0,0,0,0,19,0,0,0,0,2,0,0,0,0,
20240729,20240729,,cu2408,,13:45:23,74140000,74030000,0,74010000,74110000,73990000,74670000,0,79210000,68840000,24487,93003,9085492950000,85924,0,0,0,371033320,74140000,0,0,0,0,74130000,0,0,0,0,15,0,0,0,0,2,0,0,0,0,
20240729,20240729,,cu2408,,13:45:23,74140000,74030000,0,74010000,74110000,73990000,74670000,0,79210000,68840000,24489,93003,9086234350000,85923,0,0,500,371033290,74140000,0,0,0,0,74130000,0,0,0,0,13,0,0,0,0,3,0,0,0,0,
20240729,20240729,,cu2408,,13:45:24,74140000,74030000,0,74010000,74110000,73990000,74670000,0,79210000,68840000,24502,93003,9091053450000,85917,0,0,0,371033110,74150000,0,0,0,0,74140000,0,0,0,0,1,0,0,0,0,14,0,0,0,0,
20240729,20240729,,cu2408,,13:45:24,74150000,74030000,0,74010000,74110000,73990000,74670000,0,79210000,68840000,24503,93003,9091424200000,85916,0,0,500,371033100,74160000,0,0,0,0,74140000,0,0,0,0,1,0,0,0,0,13,0,0,0,0,
20240729,20240729,,cu2408,,13:45:25,74150000,74030000,0,74010000,74110000,73990000,74670000,0,79210000,68840000,24504,93003,9091794950000,85916,0,0,0,371033090,74160000,0,0,0,0,74140000,0,0,0,0,2,0,0,0,0,13,0,0,0,0,
20240729,20240729,,cu2408,,13:45:25,74150000,74030000,0,74010000,74110000,73990000,74670000,0,79210000,68840000,24504,93003,9091794950000,85916,0,0,500,371033090,74160000,0,0,0,0,74140000,0,0,0,0,2,0,0,0,0,13,0,0,0,0,
20240729,20240729,,cu2408,,13:45:26,74160000,74030000,0,74010000,74110000,73990000,74670000,0,79210000,68840000,24505,93003,9092165750000,85915,0,0,0,371033080,74170000,0,0,0,0,74160000,0,0,0,0,36,0,0,0,0,1,0,0,0,0,
20240729,20240729,,cu2408,,13:45:26,74160000,74030000,0,74010000,74110000,73990000,74670000,0,79210000,68840000,24506,93003,9092536550000,85915,0,0,500,371033070,74160000,0,0,0,0,74150000,0,0,0,0,9,0,0,0,0,1,0,0,0,0,
20240729,20240729,,cu2408,,13:45:27,74160000,74030000,0,74010000,74110000,73990000,74670000,0,79210000,68840000,24508,93003,9093278100000,85913,0,0,0,371033050,74160000,0,0,0,0,74140000,0,0,0,0,8,0,0,0,0,12,0,0,0,0,
20240729,20240729,,cu2408,,13:45:27,74160000,74030000,0,74010000,74110000,73990000,74670000,0,79210000,68840000,24508,93003,9093278100000,85913,0,0,500,371033050,74160000,0,0,0,0,74140000,0,0,0,0,8,0,0,0,0,13,0,0,0,0,
20240729,20240729,,cu2408,,13:45:28,74160000,74030000,0,74010000,74110000,73990000,74670000,0,79210000,68840000,24509,93003,9093648900000,85912,0,0,0,371033040,74160000,0,0,0,0,74150000,0,0,0,0,4,0,0,0,0,1,0,0,0,0,
20240729,20240729,,cu2408,,13:45:28,74160000,74030000,0,74010000,74110000,73990000,74670000,0,79210000,68840000,24509,93003,9093648900000,85912,0,0,500,371033040,74160000,0,0,0,0,74140000,0,0,0,0,6,0,0,0,0,12,0,0,0,0,
20240729,20240729,,cu2408,,13:45:29,74160000,74030000,0,74010000,74110000,73990000,74670000,0,79210000,68840000,24509,93003,9093648900000,85912,0,0,0,371033040,74160000,0,0,0,0,74140000,0,0,0,0,6,0,0,0,0,13,0,0,0,0,
20240729,20240729,,cu2408,,13:45:31,74160000,74030000,0,74010000,74110000,73990000,74670000,0,79210000,68840000,24510,93003,9094019700000,85913,0,0,500,371033030,74160000,0,0,0,0,74150000,0,0,0,0,5,0,0,0,0,1,0,0,0,0,
20240729,20240729,,cu2408,,13:45:33,74160000,74030000,0,74010000,74110000,73990000,74670000,0,79210000,68840000,24510,93003,9094019700000,85913,0,0,500,371033030,74160000,0,0,0,0,74150000,0,0,0,0,5,0,0,0,0,1,0,0,0,0,
20240729,20240729,,cu2408,,13:45:34,74150000,74030000,0,74010000,74110000,73990000,74670000,0,79210000,68840000,24511,93003,9094390450000,85913,0,0,500,371033020,74160000,0,0,0,0,74140000,0,0,0,0,5,0,0,0,0,13,0,0,0,0,
20240729,20240729,,cu2408,,13:45:35,74150000,74030000,0,74010000,74110000,73990000,74670000,0,79210000,68840000,24511,93003,9094390450000,85913,0,0,0,371033020,74160000,0,0,0,0,74140000,0,0,0,0,7,0,0,0,0,12,0,0,0,0,
20240729,20240729,,cu2408,,13:45:35,74150000,74030000,0,74010000,74110000,73990000,74670000,0,79210000,68840000,24511,93003,9094390450000,85913,0,0,500,371033020,74160000,0,0,0,0,74140000,0,0,0,0,9,0,0,0,0,12,0,0,0,0,
20240729,20240729,,cu2408,,13:45:37,74150000,74030000,0,74010000,74110000,73990000,74670000,0,79210000,68840000,24511,93003,9094390450000,85913,0,0,0,371033020,74160000,0,0,0,0,74140000,0,0,0,0,7,0,0,0,0,13,0,0,0,0,
20240729,20240729,,cu2408,,13:45:37,74150000,74030000,0,74010000,74110000,73990000,74670000,0,79210000,68840000,24511,93003,9094390450000,85913,0,0,500,371033020,74160000,0,0,0,0,74140000,0,0,0,0,5,0,0,0,0,13,0,0,0,0,
20240729,20240729,,cu2408,,13:45:38,74150000,74030000,0,74010000,74110000,73990000,74670000,0,79210000,68840000,24511,93003,9094390450000,85913,0,0,0,371033020,74160000,0,0,0,0,74140000,0,0,0,0,5,0,0,0,0,13,0,0,0,0,
20240729,20240729,,cu2408,,13:45:44,74140000,74030000,0,74010000,74110000,73990000,74670000,0,79210000,68840000,24512,93003,9094761150000,85913,0,0,0,371033010,74160000,0,0,0,0,74140000,0,0,0,0,5,0,0,0,0,12,0,0,0,0,
