TradingDay,ActionDay,ExchangeId,StockCode,StockName,UpdateTime,LastPrice,PreSettlePrice,SettlePrice,PreClosePrice,OpenPrice,LowPrice,HighPrice,ClosePrice,UpperLimitPrice,LowerLimitPrice,Volume,PreOpenInterest,TurnOver,OpenInterest,PreDelta,CurrDelta,UpdateMillisec,AveragePrice,SellPrice1,SellPrice2,SellPrice3,SellPrice4,SellPrice5,BuyPrice1,BuyPrice2,BuyPrice3,BuyPrice4,BuyPrice5,SellQuantity1,SellQuantity2,SellQuantity3,SellQuantity4,SellQuantity5,BuyQuantity1,BuyQuantity2,BuyQuantity3,BuyQuantity4,BuyQuantity5,
20240626,20240625,,cu2407,,20:59:01,78120000,78580000,0,78460000,78120000,78120000,78120000,0,84080000,73070000,1390,113934,542934000000,113124,0,0,500,390600000,78130000,0,0,0,0,78110000,0,0,0,0,4,0,0,0,0,9,0,0,0,0,
20240626,20240625,,cu2407,,21:00:01,78130000,78580000,0,78460000,78120000,78120000,78130000,0,84080000,73070000,1394,113934,544496600000,113123,0,0,500,390600140,78150000,0,0,0,0,78130000,0,0,0,0,27,0,0,0,0,4,0,0,0,0,
20240626,20240625,,cu2407,,21:00:02,78150000,78580000,0,78460000,78120000,78110000,78150000,0,84080000,73070000,1485,113934,580049100000,113052,0,0,0,390605450,78150000,0,0,0,0,78130000,0,0,0,0,26,0,0,0,0,1,0,0,0,0,
20240626,20240625,,cu2407,,21:00:02,78150000,78580000,0,78460000,78120000,78110000,78150000,0,84080000,73070000,1514,113934,591380600000,113037,0,0,500,390608050,78180000,0,0,0,0,78160000,0,0,0,0,12,0,0,0,0,11,0,0,0,0,
20240626,20240625,,cu2407,,21:00:03,78170000,78580000,0,78460000,78120000,78110000,78170000,0,84080000,73070000,1530,113934,597633450000,113030,0,0,0,390610090,78160000,0,0,0,0,78150000,0,0,0,0,1,0,0,0,0,10,0,0,0,0,
20240626,20240625,,cu2407,,21:00:03,78160000,78580000,0,78460000,78120000,78110000,78200000,0,84080000,73070000,1544,113934,603105650000,113034,0,0,500,390612460,78200000,0,0,0,0,78180000,0,0,0,0,9,0,0,0,0,2,0,0,0,0,
20240626,20240625,,cu2407,,21:00:04,78160000,78580000,0,78460000,78120000,78110000,78200000,0,84080000,73070000,1548,113934,604669150000,113034,0,0,0,390613140,78180000,0,0,0,0,78160000,0,0,0,0,1,0,0,0,0,9,0,0,0,0,
20240626,20240625,,cu2407,,21:00:04,78140000,78580000,0,78460000,78120000,78110000,78200000,0,84080000,73070000,1584,113934,618736500000,113055,0,0,500,390616470,78160000,0,0,0,0,78130000,0,0,0,0,9,0,0,0,0,1,0,0,0,0,
20240626,20240625,,cu2407,,21:00:05,78200000,78580000,0,78460000,78120000,78110000,78200000,0,84080000,73070000,1602,113934,625771450000,113060,0,0,0,390618880,78200000,0,0,0,0,78180000,0,0,0,0,12,0,0,0,0,1,0,0,0,0,
20240626,20240625,,cu2407,,21:00:05,78200000,78580000,0,78460000,78120000,78110000,78200000,0,84080000,73070000,1611,113934,629289950000,113060,0,0,500,390620700,78180000,0,0,0,0,78170000,0,0,0,0,50,0,0,0,0,1,0,0,0,0,
20240626,20240625,,cu2407,,21:00:06,78160000,78580000,0,78460000,78120000,78110000,78200000,0,84080000,73070000,1648,113934,643750650000,113057,0,0,0,390625390,78150000,0,0,0,0,78140000,0,0,0,0,10,0,0,0,0,3,0,0,0,0,
20240626,20240625,,cu2407,,21:00:06,78140000,78580000,0,78460000,78120000,78110000,78200000,0,84080000,73070000,1662,113934,649219950000,113057,0,0,500,390625720,78140000,0,0,0,0,78120000,0,0,0,0,20,0,0,0,0,18,0,0,0,0,
20240626,20240625,,cu2407,,21:00:07,78140000,78580000,0,78460000,78120000,78110000,78200000,0,84080000,73070000,1686,113934,658595700000,113073,0,0,0,390626150,78140000,0,0,0,0,78120000,0,0,0,0,28,0,0,0,0,11,0,0,0,0,
20240626,20240625,,cu2407,,21:00:07,78130000,78580000,0,78460000,78120000,78110000,78200000,0,84080000,73070000,1703,113934,665236300000,113075,0,0,500,390626130,78130000,0,0,0,0,78120000,0,0,0,0,4,0,0,0,0,2,0,0,0,0,
20240626,20240625,,cu2407,,21:00:08,78100000,78580000,0,78460000,78120000,78100000,78200000,0,84080000,73070000,1722,113934,672658000000,113075,0,0,0,390626010,78140000,0,0,0,0,78100000,0,0,0,0,2,0,0,0,0,57,0,0,0,0,
20240626,20240625,,cu2407,,21:00:08,78140000,78580000,0,78460000,78120000,78100000,78200000,0,84080000,73070000,1730,113934,675783600000,113072,0,0,500,390626350,78160000,0,0,0,0,78140000,0,0,0,0,3,0,0,0,0,7,0,0,0,0,
20240626,20240625,,cu2407,,21:00:09,78160000,78580000,0,78460000,78120000,78100000,78200000,0,84080000,73070000,1740,113934,679691100000,113070,0,0,0,390627060,78160000,0,0,0,0,78150000,0,0,0,0,16,0,0,0,0,2,0,0,0,0,
20240626,20240625,,cu2407,,21:00:09,78160000,78580000,0,78460000,78120000,78100000,78200000,0,84080000,73070000,1760,113934,687507100000,113065,0,0,500,390629030,78170000,0,0,0,0,78150000,0,0,0,0,4,0,0,0,0,2,0,0,0,0,
20240626,20240625,,cu2407,,21:00:10,78170000,78580000,0,78460000,78120000,78100000,78200000,0,84080000,73070000,1769,113934,691024750000,113061,0,0,0,390630150,78180000,0,0,0,0,78170000,0,0,0,0,50,0,0,0,0,10,0,0,0,0,
20240626,20240625,,cu2407,,21:00:10,78180000,78580000,0,78460000,78120000,78100000,78200000,0,84080000,73070000,1785,113934,697279100000,113051,0,0,500,390632550,78190000,0,0,0,0,78170000,0,0,0,0,2,0,0,0,0,9,0,0,0,0,
20240626,20240625,,cu2407,,21:00:11,78190000,78580000,0,78460000,78120000,78100000,78200000,0,84080000,73070000,1789,113934,698842900000,113050,0,0,0,390633250,78190000,0,0,0,0,78180000,0,0,0,0,8,0,0,0,0,9,0,0,0,0,
20240626,20240625,,cu2407,,21:00:11,78170000,78580000,0,78460000,78120000,78100000,78200000,0,84080000,73070000,1799,113934,702751700000,113055,0,0,500,390634630,78180000,0,0,0,0,78170000,0,0,0,0,8,0,0,0,0,4,0,0,0,0,
20240626,20240625,,cu2407,,21:00:12,78180000,78580000,0,78460000,78120000,78100000,78200000,0,84080000,73070000,1812,113934,707833400000,113063,0,0,0,390636530,78200000,0,0,0,0,78180000,0,0,0,0,1,0,0,0,0,3,0,0,0,0,
20240626,20240625,,cu2407,,21:00:12,78170000,78580000,0,78460000,78120000,78100000,78200000,0,84080000,73070000,1822,113934,711742200000,113059,0,0,500,390637870,78170000,0,0,0,0,78160000,0,0,0,0,6,0,0,0,0,7,0,0,0,0,
20240626,20240625,,cu2407,,21:00:13,78140000,78580000,0,78460000,78120000,78100000,78200000,0,84080000,73070000,1839,113934,718385950000,113061,0,0,0,390639450,78160000,0,0,0,0,78140000,0,0,0,0,5,0,0,0,0,11,0,0,0,0,
20240626,20240625,,cu2407,,21:00:13,78160000,78580000,0,78460000,78120000,78100000,78200000,0,84080000,73070000,1844,113934,720339850000,113059,0,0,500,390639830,78160000,0,0,0,0,78140000,0,0,0,0,4,0,0,0,0,14,0,0,0,0,
20240626,20240625,,cu2407,,21:00:14,78160000,78580000,0,78460000,78120000,78100000,78200000,0,84080000,73070000,1851,113934,723075650000,113055,0,0,0,390640540,78190000,0,0,0,0,78160000,0,0,0,0,4,0,0,0,0,4,0,0,0,0,
20240626,20240625,,cu2407,,21:00:14,78180000,78580000,0,78460000,78120000,78100000,78200000,0,84080000,73070000,1852,113934,723466550000,113054,0,0,500,390640680,78180000,0,0,0,0,78160000,0,0,0,0,3,0,0,0,0,1,0,0,0,0,
20240626,20240625,,cu2407,,21:00:15,78140000,78580000,0,78460000,78120000,78100000,78200000,0,84080000,73070000,1858,113934,725811350000,113052,0,0,0,390641200,78180000,0,0,0,0,78140000,0,0,0,0,8,0,0,0,0,13,0,0,0,0,
20240626,20240625,,cu2407,,21:00:15,78150000,78580000,0,78460000,78120000,78100000,78200000,0,84080000,73070000,1863,113934,727765350000,113048,0,0,500,390641620,78180000,0,0,0,0,78150000,0,0,0,0,6,0,0,0,0,3,0,0,0,0,
20240626,20240625,,cu2407,,21:00:16,78150000,78580000,0,78460000,78120000,78100000,78200000,0,84080000,73070000,1867,113934,729328450000,113045,0,0,0,390641910,78160000,0,0,0,0,78150000,0,0,0,0,48,0,0,0,0,4,0,0,0,0,
20240626,20240625,,cu2407,,21:00:16,78160000,78580000,0,78460000,78120000,78100000,78200000,0,84080000,73070000,1870,113934,730500750000,113043,0,0,500,390642110,78160000,0,0,0,0,78150000,0,0,0,0,47,0,0,0,0,1,0,0,0,0,
20240626,20240625,,cu2407,,21:00:17,78160000,78580000,0,78460000,78120000,78100000,78200000,0,84080000,73070000,1889,113934,737925800000,113026,0,0,0,390643620,78160000,0,0,0,0,78150000,0,0,0,0,31,0,0,0,0,9,0,0,0,0,
20240626,20240625,,cu2407,,21:00:17,78140000,78580000,0,78460000,78120000,78100000,78200000,0,84080000,73070000,1900,113934,742224500000,113022,0,0,500,390644470,78160000,0,0,0,0,78140000,0,0,0,0,22,0,0,0,0,9,0,0,0,0,
20240626,20240625,,cu2407,,21:00:18,78140000,78580000,0,78460000,78120000,78100000,78200000,0,84080000,73070000,1904,113934,743787500000,113018,0,0,0,390644690,78160000,0,0,0,0,78140000,0,0,0,0,21,0,0,0,0,7,0,0,0,0,
20240626,20240625,,cu2407,,21:00:18,78140000,78580000,0,78460000,78120000,78100000,78200000,0,84080000,73070000,1907,113934,744959700000,113018,0,0,500,390644830,78160000,0,0,0,0,78140000,0,0,0,0,22,0,0,0,0,6,0,0,0,0,
20240626,20240625,,cu2407,,21:00:19,78130000,78580000,0,78460000,78120000,78100000,78200000,0,84080000,73070000,1916,113934,748475950000,113011,0,0,0,390645060,78150000,0,0,0,0,78130000,0,0,0,0,21,0,0,0,0,8,0,0,0,0,
20240626,20240625,,cu2407,,21:00:19,78130000,78580000,0,78460000,78120000,78100000,78200000,0,84080000,73070000,1916,113934,748475950000,113011,0,0,500,390645060,78140000,0,0,0,0,78130000,0,0,0,0,3,0,0,0,0,8,0,0,0,0,
20240626,20240625,,cu2407,,21:00:20,78130000,78580000,0,78460000,78120000,78100000,78200000,0,84080000,73070000,1924,113934,751601600000,113011,0,0,0,390645320,78150000,0,0,0,0,78130000,0,0,0,0,7,0,0,0,0,5,0,0,0,0,
20240626,20240625,,cu2407,,21:00:20,78150000,78580000,0,78460000,78120000,78100000,78200000,0,84080000,73070000,1927,113934,752773650000,113011,0,0,500,390645380,78150000,0,0,0,0,78140000,0,0,0,0,1,0,0,0,0,1,0,0,0,0,
20240626,20240625,,cu2407,,21:00:21,78130000,78580000,0,78460000,78120000,78100000,78200000,0,84080000,73070000,1929,113934,753555100000,113010,0,0,0,390645460,78160000,0,0,0,0,78130000,0,0,0,0,19,0,0,0,0,7,0,0,0,0,
20240626,20240625,,cu2407,,21:00:21,78130000,78580000,0,78460000,78120000,78100000,78200000,0,84080000,73070000,1929,113934,753555100000,113010,0,0,500,390645460,78150000,0,0,0,0,78140000,0,0,0,0,3,0,0,0,0,8,0,0,0,0,
20240626,20240625,,cu2407,,21:00:22,78140000,78580000,0,78460000,78120000,78100000,78200000,0,84080000,73070000,1935,113934,755899450000,113007,0,0,0,390645710,78150000,0,0,0,0,78130000,0,0,0,0,1,0,0,0,0,7,0,0,0,0,
20240626,20240625,,cu2407,,21:00:22,78140000,78580000,0,78460000,78120000,78100000,78200000,0,84080000,73070000,1943,113934,759025350000,113004,0,0,500,390646080,78160000,0,0,0,0,78130000,0,0,0,0,31,0,0,0,0,7,0,0,0,0,
20240626,20240625,,cu2407,,21:00:23,78140000,78580000,0,78460000,78120000,78100000,78200000,0,84080000,73070000,1943,113934,759025350000,113004,0,0,0,390646080,78150000,0,0,0,0,78140000,0,0,0,0,1,0,0,0,0,9,0,0,0,0,
20240626,20240625,,cu2407,,21:00:23,78140000,78580000,0,78460000,78120000,78100000,78200000,0,84080000,73070000,1950,113934,761760350000,113005,0,0,500,390646330,78160000,0,0,0,0,78130000,0,0,0,0,17,0,0,0,0,7,0,0,0,0,
20240626,20240625,,cu2407,,21:00:24,78140000,78580000,0,78460000,78120000,78100000,78200000,0,84080000,73070000,1950,113934,761760350000,113005,0,0,0,390646330,78160000,0,0,0,0,78140000,0,0,0,0,17,0,0,0,0,8,0,0,0,0,
20240626,20240625,,cu2407,,21:00:24,78150000,78580000,0,78460000,78120000,78100000,78200000,0,84080000,73070000,1951,113934,762151100000,113005,0,0,500,390646380,78160000,0,0,0,0,78140000,0,0,0,0,17,0,0,0,0,10,0,0,0,0,
20240626,20240625,,cu2407,,21:00:25,78150000,78580000,0,78460000,78120000,78100000,78200000,0,84080000,73070000,1951,113934,762151100000,113005,0,0,0,390646380,78160000,0,0,0,0,78140000,0,0,0,0,17,0,0,0,0,8,0,0,0,0,
20240626,20240625,,cu2407,,21:00:25,78150000,78580000,0,78460000,78120000,78100000,78200000,0,84080000,73070000,1951,113934,762151100000,113005,0,0,500,390646380,78160000,0,0,0,0,78140000,0,0,0,0,17,0,0,0,0,8,0,0,0,0,
20240626,20240625,,cu2407,,21:00:26,78150000,78580000,0,78460000,78120000,78100000,78200000,0,84080000,73070000,1951,113934,762151100000,113005,0,0,0,390646380,78160000,0,0,0,0,78140000,0,0,0,0,17,0,0,0,0,8,0,0,0,0,
20240626,20240625,,cu2407,,21:00:26,78150000,78580000,0,78460000,78120000,78100000,78200000,0,84080000,73070000,1951,113934,762151100000,113005,0,0,500,390646380,78160000,0,0,0,0,78150000,0,0,0,0,18,0,0,0,0,2,0,0,0,0,
20240626,20240625,,cu2407,,21:00:27,78140000,78580000,0,78460000,78120000,78100000,78200000,0,84080000,73070000,1954,113934,763323300000,113004,0,0,0,390646520,78140000,0,0,0,0,78130000,0,0,0,0,4,0,0,0,0,7,0,0,0,0,
20240626,20240625,,cu2407,,21:00:27,78140000,78580000,0,78460000,78120000,78100000,78200000,0,84080000,73070000,1958,113934,764886100000,113004,0,0,500,390646630,78160000,0,0,0,0,78150000,0,0,0,0,17,0,0,0,0,2,0,0,0,0,
20240626,20240625,,cu2407,,21:00:28,78140000,78580000,0,78460000,78120000,78100000,78200000,0,84080000,73070000,1964,113934,767230400000,113008,0,0,0,390646840,78150000,0,0,0,0,78130000,0,0,0,0,2,0,0,0,0,2,0,0,0,0,
20240626,20240625,,cu2407,,21:00:28,78130000,78580000,0,78460000,78120000,78100000,78200000,0,84080000,73070000,1965,113934,767621050000,113008,0,0,500,390646840,78140000,0,0,0,0,78130000,0,0,0,0,1,0,0,0,0,1,0,0,0,0,
20240626,20240625,,cu2407,,21:00:29,78160000,78580000,0,78460000,78120000,78100000,78200000,0,84080000,73070000,1970,113934,769574800000,113007,0,0,0,390647100,78160000,0,0,0,0,78150000,0,0,0,0,18,0,0,0,0,1,0,0,0,0,
20240626,20240625,,cu2407,,21:00:29,78140000,78580000,0,78460000,78120000,78100000,78200000,0,84080000,73070000,1975,113934,771528450000,113008,0,0,500,390647310,78160000,0,0,0,0,78140000,0,0,0,0,16,0,0,0,0,5,0,0,0,0,
20240626,20240625,,cu2407,,21:00:30,78140000,78580000,0,78460000,78120000,78100000,78200000,0,84080000,73070000,1980,113934,773481950000,113008,0,0,0,390647450,78140000,0,0,0,0,78130000,0,0,0,0,3,0,0,0,0,6,0,0,0,0,
20240626,20240625,,cu2407,,21:00:30,78130000,78580000,0,78460000,78120000,78100000,78200000,0,84080000,73070000,1983,113934,774653900000,113011,0,0,500,390647450,78150000,0,0,0,0,78140000,0,0,0,0,1,0,0,0,0,1,0,0,0,0,
20240626,20240625,,cu2407,,21:00:31,78140000,78580000,0,78460000,78120000,78100000,78200000,0,84080000,73070000,1984,113934,775044600000,113011,0,0,0,390647480,78150000,0,0,0,0,78130000,0,0,0,0,1,0,0,0,0,3,0,0,0,0,
20240626,20240625,,cu2407,,21:00:31,78140000,78580000,0,78460000,78120000,78100000,78200000,0,84080000,73070000,1984,113934,775044600000,113011,0,0,500,390647480,78140000,0,0,0,0,78130000,0,0,0,0,6,0,0,0,0,7,0,0,0,0,
20240626,20240625,,cu2407,,21:00:32,78140000,78580000,0,78460000,78120000,78100000,78200000,0,84080000,73070000,1990,113934,777388800000,113007,0,0,0,390647630,78150000,0,0,0,0,78120000,0,0,0,0,3,0,0,0,0,7,0,0,0,0,
20240626,20240625,,cu2407,,21:00:32,78140000,78580000,0,78460000,78120000,78100000,78200000,0,84080000,73070000,1990,113934,777388800000,113007,0,0,500,390647630,78150000,0,0,0,0,78130000,0,0,0,0,2,0,0,0,0,3,0,0,0,0,
20240626,20240625,,cu2407,,21:00:33,78150000,78580000,0,78460000,78120000,78100000,78200000,0,84080000,73070000,1992,113934,778170300000,113007,0,0,0,390647740,78160000,0,0,0,0,78150000,0,0,0,0,16,0,0,0,0,7,0,0,0,0,
20240626,20240625,,cu2407,,21:00:33,78150000,78580000,0,78460000,78120000,78100000,78200000,0,84080000,73070000,1999,113934,780905550000,113010,0,0,500,390648100,78150000,0,0,0,0,78130000,0,0,0,0,2,0,0,0,0,9,0,0,0,0,
20240626,20240625,,cu2407,,21:00:34,78140000,78580000,0,78460000,78120000,78100000,78200000,0,84080000,73070000,2001,113934,781687000000,113011,0,0,0,390648170,78150000,0,0,0,0,78130000,0,0,0,0,2,0,0,0,0,14,0,0,0,0,
20240626,20240625,,cu2407,,21:00:34,78130000,78580000,0,78460000,78120000,78100000,78200000,0,84080000,73070000,2003,113934,782468300000,113010,0,0,500,390648170,78160000,0,0,0,0,78150000,0,0,0,0,16,0,0,0,0,2,0,0,0,0,
20240626,20240625,,cu2407,,21:00:35,78150000,78580000,0,78460000,78120000,78100000,78200000,0,84080000,73070000,2005,113934,783249800000,113008,0,0,0,390648280,78150000,0,0,0,0,78130000,0,0,0,0,8,0,0,0,0,8,0,0,0,0,
20240626,20240625,,cu2407,,21:00:35,78130000,78580000,0,78460000,78120000,78100000,78200000,0,84080000,73070000,2008,113934,784421750000,113008,0,0,500,390648280,78150000,0,0,0,0,78130000,0,0,0,0,4,0,0,0,0,5,0,0,0,0,
20240626,20240625,,cu2407,,21:00:36,78130000,78580000,0,78460000,78120000,78100000,78200000,0,84080000,73070000,2008,113934,784421750000,113008,0,0,0,390648280,78140000,0,0,0,0,78130000,0,0,0,0,1,0,0,0,0,2,0,0,0,0,
20240626,20240625,,cu2407,,21:00:36,78130000,78580000,0,78460000,78120000,78100000,78200000,0,84080000,73070000,2008,113934,784421750000,113008,0,0,500,390648280,78150000,0,0,0,0,78130000,0,0,0,0,4,0,0,0,0,7,0,0,0,0,
20240626,20240625,,cu2407,,21:00:37,78130000,78580000,0,78460000,78120000,78100000,78200000,0,84080000,73070000,2008,113934,784421750000,113008,0,0,0,390648280,78150000,0,0,0,0,78130000,0,0,0,0,5,0,0,0,0,3,0,0,0,0,
20240626,20240625,,cu2407,,21:00:37,78130000,78580000,0,78460000,78120000,78100000,78200000,0,84080000,73070000,2017,113934,787937700000,113005,0,0,500,390648340,78130000,0,0,0,0,78120000,0,0,0,0,42,0,0,0,0,7,0,0,0,0,
20240626,20240625,,cu2407,,21:00:38,78130000,78580000,0,78460000,78120000,78100000,78200000,0,84080000,73070000,2034,113934,794578750000,112997,0,0,0,390648350,78130000,0,0,0,0,78120000,0,0,0,0,25,0,0,0,0,6,0,0,0,0,
20240626,20240625,,cu2407,,21:00:38,78130000,78580000,0,78460000,78120000,78100000,78200000,0,84080000,73070000,2059,113934,804345000000,112986,0,0,500,390648370,78150000,0,0,0,0,78140000,0,0,0,0,2,0,0,0,0,2,0,0,0,0,
20240626,20240625,,cu2407,,21:00:39,78160000,78580000,0,78460000,78120000,78100000,78200000,0,84080000,73070000,2067,113934,807471050000,112984,0,0,0,390648790,78160000,0,0,0,0,78150000,0,0,0,0,15,0,0,0,0,4,0,0,0,0,
20240626,20240625,,cu2407,,21:00:39,78150000,78580000,0,78460000,78120000,78100000,78200000,0,84080000,73070000,2071,113934,809034050000,112980,0,0,500,390648980,78150000,0,0,0,0,78130000,0,0,0,0,1,0,0,0,0,4,0,0,0,0,
20240626,20240625,,cu2407,,21:00:40,78150000,78580000,0,78460000,78120000,78100000,78200000,0,84080000,73070000,2071,113934,809034050000,112980,0,0,0,390648980,78150000,0,0,0,0,78140000,0,0,0,0,1,0,0,0,0,2,0,0,0,0,
20240626,20240625,,cu2407,,21:00:40,78150000,78580000,0,78460000,78120000,78100000,78200000,0,84080000,73070000,2072,113934,809424800000,112979,0,0,500,390649030,78150000,0,0,0,0,78130000,0,0,0,0,5,0,0,0,0,2,0,0,0,0,
20240626,20240625,,cu2407,,21:00:41,78150000,78580000,0,78460000,78120000,78100000,78200000,0,84080000,73070000,2073,113934,809815550000,112980,0,0,0,390649080,78140000,0,0,0,0,78130000,0,0,0,0,1,0,0,0,0,6,0,0,0,0,
20240626,20240625,,cu2407,,21:00:41,78140000,78580000,0,78460000,78120000,78100000,78200000,0,84080000,73070000,2074,113934,810206250000,112979,0,0,500,390649100,78150000,0,0,0,0,78130000,0,0,0,0,4,0,0,0,0,2,0,0,0,0,
20240626,20240625,,cu2407,,21:00:42,78140000,78580000,0,78460000,78120000,78100000,78200000,0,84080000,73070000,2074,113934,810206250000,112979,0,0,0,390649100,78160000,0,0,0,0,78130000,0,0,0,0,16,0,0,0,0,6,0,0,0,0,
20240626,20240625,,cu2407,,21:00:42,78140000,78580000,0,78460000,78120000,78100000,78200000,0,84080000,73070000,2074,113934,810206250000,112979,0,0,500,390649100,78150000,0,0,0,0,78140000,0,0,0,0,8,0,0,0,0,2,0,0,0,0,
20240626,20240625,,cu2407,,21:00:43,78140000,78580000,0,78460000,78120000,78100000,78200000,0,84080000,73070000,2074,113934,810206250000,112979,0,0,0,390649100,78150000,0,0,0,0,78140000,0,0,0,0,5,0,0,0,0,2,0,0,0,0,
20240626,20240625,,cu2407,,21:00:43,78150000,78580000,0,78460000,78120000,78100000,78200000,0,84080000,73070000,2075,113934,810597000000,112979,0,0,500,390649150,78150000,0,0,0,0,78140000,0,0,0,0,5,0,0,0,0,2,0,0,0,0,
20240626,20240625,,cu2407,,21:00:44,78150000,78580000,0,78460000,78120000,78100000,78200000,0,84080000,73070000,2075,113934,810597000000,112979,0,0,0,390649150,78150000,0,0,0,0,78140000,0,0,0,0,4,0,0,0,0,2,0,0,0,0,
20240626,20240625,,cu2407,,21:00:44,78150000,78580000,0,78460000,78120000,78100000,78200000,0,84080000,73070000,2075,113934,810597000000,112979,0,0,500,390649150,78150000,0,0,0,0,78140000,0,0,0,0,4,0,0,0,0,2,0,0,0,0,
20240626,20240625,,cu2407,,21:00:45,78150000,78580000,0,78460000,78120000,78100000,78200000,0,84080000,73070000,2079,113934,812159950000,112975,0,0,0,390649320,78150000,0,0,0,0,78140000,0,0,0,0,1,0,0,0,0,1,0,0,0,0,
20240626,20240625,,cu2407,,21:00:45,78150000,78580000,0,78460000,78120000,78100000,78200000,0,84080000,73070000,2079,113934,812159950000,112975,0,0,500,390649320,78160000,0,0,0,0,78140000,0,0,0,0,1,0,0,0,0,1,0,0,0,0,
20240626,20240625,,cu2407,,21:00:46,78150000,78580000,0,78460000,78120000,78100000,78200000,0,84080000,73070000,2079,113934,812159950000,112975,0,0,0,390649320,78160000,0,0,0,0,78150000,0,0,0,0,6,0,0,0,0,2,0,0,0,0,
20240626,20240625,,cu2407,,21:00:46,78150000,78580000,0,78460000,78120000,78100000,78200000,0,84080000,73070000,2079,113934,812159950000,112975,0,0,500,390649320,78160000,0,0,0,0,78150000,0,0,0,0,1,0,0,0,0,4,0,0,0,0,
20240626,20240625,,cu2407,,21:00:47,78150000,78580000,0,78460000,78120000,78100000,78200000,0,84080000,73070000,2083,113934,813722950000,112978,0,0,0,390649520,78160000,0,0,0,0,78140000,0,0,0,0,1,0,0,0,0,6,0,0,0,0,
20240626,20240625,,cu2407,,21:00:47,78150000,78580000,0,78460000,78120000,78100000,78200000,0,84080000,73070000,2083,113934,813722950000,112978,0,0,500,390649520,78160000,0,0,0,0,78140000,0,0,0,0,6,0,0,0,0,6,0,0,0,0,
20240626,20240625,,cu2407,,21:00:48,78150000,78580000,0,78460000,78120000,78100000,78200000,0,84080000,73070000,2089,113934,816067450000,112978,0,0,0,390649800,78150000,0,0,0,0,78140000,0,0,0,0,4,0,0,0,0,10,0,0,0,0,
20240626,20240625,,cu2407,,21:00:48,78170000,78580000,0,78460000,78120000,78100000,78200000,0,84080000,73070000,2095,113934,818412100000,112980,0,0,500,390650160,78170000,0,0,0,0,78160000,0,0,0,0,4,0,0,0,0,4,0,0,0,0,
20240626,20240625,,cu2407,,21:00:49,78150000,78580000,0,78460000,78120000,78100000,78200000,0,84080000,73070000,2101,113934,820756850000,112976,0,0,0,390650570,78160000,0,0,0,0,78150000,0,0,0,0,1,0,0,0,0,5,0,0,0,0,
20240626,20240625,,cu2407,,21:00:49,78150000,78580000,0,78460000,78120000,78100000,78200000,0,84080000,73070000,2101,113934,820756850000,112976,0,0,500,390650570,78170000,0,0,0,0,78150000,0,0,0,0,4,0,0,0,0,5,0,0,0,0,
20240626,20240625,,cu2407,,21:00:50,78150000,78580000,0,78460000,78120000,78100000,78200000,0,84080000,73070000,2101,113934,820756850000,112976,0,0,0,390650570,78170000,0,0,0,0,78160000,0,0,0,0,1,0,0,0,0,1,0,0,0,0,
20240626,20240625,,cu2407,,21:00:50,78170000,78580000,0,78460000,78120000,78100000,78200000,0,84080000,73070000,2102,113934,821147700000,112976,0,0,500,390650660,78180000,0,0,0,0,78150000,0,0,0,0,11,0,0,0,0,10,0,0,0,0,
20240626,20240625,,cu2407,,21:00:51,78170000,78580000,0,78460000,78120000,78100000,78200000,0,84080000,73070000,2102,113934,821147700000,112976,0,0,0,390650660,78170000,0,0,0,0,78150000,0,0,0,0,2,0,0,0,0,5,0,0,0,0,
20240626,20240625,,cu2407,,21:00:51,78170000,78580000,0,78460000,78120000,78100000,78200000,0,84080000,73070000,2102,113934,821147700000,112976,0,0,500,390650660,78170000,0,0,0,0,78150000,0,0,0,0,2,0,0,0,0,19,0,0,0,0,
20240626,20240625,,cu2407,,21:00:52,78170000,78580000,0,78460000,78120000,78100000,78200000,0,84080000,73070000,2102,113934,821147700000,112976,0,0,0,390650660,78170000,0,0,0,0,78150000,0,0,0,0,9,0,0,0,0,10,0,0,0,0,
20240626,20240625,,cu2407,,21:00:52,78160000,78580000,0,78460000,78120000,78100000,78200000,0,84080000,73070000,2122,113934,828963700000,112976,0,0,500,390652070,78160000,0,0,0,0,78150000,0,0,0,0,30,0,0,0,0,10,0,0,0,0,
20240626,20240625,,cu2407,,21:00:53,78160000,78580000,0,78460000,78120000,78100000,78200000,0,84080000,73070000,2123,113934,829354500000,112975,0,0,0,390652140,78160000,0,0,0,0,78150000,0,0,0,0,29,0,0,0,0,19,0,0,0,0,
20240626,20240625,,cu2407,,21:00:53,78160000,78580000,0,78460000,78120000,78100000,78200000,0,84080000,73070000,2124,113934,829745300000,112974,0,0,500,390652210,78160000,0,0,0,0,78150000,0,0,0,0,28,0,0,0,0,13,0,0,0,0,
20240626,20240625,,cu2407,,21:00:54,78160000,78580000,0,78460000,78120000,78100000,78200000,0,84080000,73070000,2125,113934,830136100000,112973,0,0,0,390652280,78160000,0,0,0,0,78150000,0,0,0,0,27,0,0,0,0,10,0,0,0,0,
20240626,20240625,,cu2407,,21:00:54,78160000,78580000,0,78460000,78120000,78100000,78200000,0,84080000,73070000,2125,113934,830136100000,112973,0,0,500,390652280,78160000,0,0,0,0,78150000,0,0,0,0,27,0,0,0,0,13,0,0,0,0,
20240626,20240625,,cu2407,,21:00:55,78160000,78580000,0,78460000,78120000,78100000,78200000,0,84080000,73070000,2125,113934,830136100000,112973,0,0,0,390652280,78160000,0,0,0,0,78150000,0,0,0,0,27,0,0,0,0,13,0,0,0,0,
20240626,20240625,,cu2407,,21:00:55,78160000,78580000,0,78460000,78120000,78100000,78200000,0,84080000,73070000,2126,113934,830526900000,112973,0,0,500,390652350,78160000,0,0,0,0,78150000,0,0,0,0,26,0,0,0,0,10,0,0,0,0,
20240626,20240625,,cu2407,,21:00:56,78160000,78580000,0,78460000,78120000,78100000,78200000,0,84080000,73070000,2126,113934,830526900000,112973,0,0,0,390652350,78160000,0,0,0,0,78150000,0,0,0,0,26,0,0,0,0,13,0,0,0,0,
20240626,20240625,,cu2407,,21:00:56,78160000,78580000,0,78460000,78120000,78100000,78200000,0,84080000,73070000,2152,113934,840687700000,112967,0,0,500,390654130,78170000,0,0,0,0,78160000,0,0,0,0,1,0,0,0,0,1,0,0,0,0,
20240626,20240625,,cu2407,,21:00:57,78170000,78580000,0,78460000,78120000,78100000,78200000,0,84080000,73070000,2155,113934,841860300000,112966,0,0,0,390654430,78180000,0,0,0,0,78170000,0,0,0,0,10,0,0,0,0,3,0,0,0,0,
20240626,20240625,,cu2407,,21:00:57,78170000,78580000,0,78460000,78120000,78100000,78200000,0,84080000,73070000,2155,113934,841860300000,112966,0,0,500,390654430,78180000,0,0,0,0,78170000,0,0,0,0,10,0,0,0,0,3,0,0,0,0,
20240626,20240625,,cu2407,,21:00:58,78170000,78580000,0,78460000,78120000,78100000,78200000,0,84080000,73070000,2155,113934,841860300000,112966,0,0,0,390654430,78180000,0,0,0,0,78170000,0,0,0,0,10,0,0,0,0,6,0,0,0,0,
20240626,20240625,,cu2407,,21:00:58,78170000,78580000,0,78460000,78120000,78100000,78200000,0,84080000,73070000,2168,113934,846941850000,112963,0,0,500,390655830,78190000,0,0,0,0,78170000,0,0,0,0,8,0,0,0,0,6,0,0,0,0,
20240626,20240625,,cu2407,,21:00:59,78180000,78580000,0,78460000,78120000,78100000,78200000,0,84080000,73070000,2183,113934,852805100000,112953,0,0,0,390657390,78170000,0,0,0,0,78160000,0,0,0,0,44,0,0,0,0,4,0,0,0,0,
20240626,20240625,,cu2407,,21:00:59,78180000,78580000,0,78460000,78120000,78100000,78200000,0,84080000,73070000,2184,113934,853196000000,112952,0,0,500,390657510,78170000,0,0,0,0,78160000,0,0,0,0,43,0,0,0,0,6,0,0,0,0,
20240626,20240625,,cu2407,,21:01:00,78170000,78580000,0,78460000,78120000,78100000,78200000,0,84080000,73070000,2186,113934,853977750000,112950,0,0,0,390657700,78170000,0,0,0,0,78160000,0,0,0,0,41,0,0,0,0,11,0,0,0,0,
20240626,20240625,,cu2407,,21:01:00,78170000,78580000,0,78460000,78120000,78100000,78200000,0,84080000,73070000,2192,113934,856322850000,112944,0,0,500,390658230,78170000,0,0,0,0,78160000,0,0,0,0,35,0,0,0,0,19,0,0,0,0,
20240626,20240625,,cu2407,,21:01:01,78170000,78580000,0,78460000,78120000,78100000,78200000,0,84080000,73070000,2227,113934,870002600000,112930,0,0,0,390661240,78190000,0,0,0,0,78170000,0,0,0,0,3,0,0,0,0,30,0,0,0,0,
20240626,20240625,,cu2407,,21:01:01,78170000,78580000,0,78460000,78120000,78100000,78200000,0,84080000,73070000,2230,113934,871175350000,112929,0,0,500,390661590,78190000,0,0,0,0,78170000,0,0,0,0,1,0,0,0,0,31,0,0,0,0,
20240626,20240625,,cu2407,,21:01:02,78170000,78580000,0,78460000,78120000,78100000,78200000,0,84080000,73070000,2231,113934,871566200000,112928,0,0,0,390661670,78190000,0,0,0,0,78170000,0,0,0,0,1,0,0,0,0,35,0,0,0,0,
20240626,20240625,,cu2407,,21:01:02,78170000,78580000,0,78460000,78120000,78100000,78200000,0,84080000,73070000,2231,113934,871566200000,112928,0,0,500,390661670,78190000,0,0,0,0,78170000,0,0,0,0,8,0,0,0,0,35,0,0,0,0,
20240626,20240625,,cu2407,,21:01:03,78180000,78580000,0,78460000,78120000,78100000,78200000,0,84080000,73070000,2283,113934,891891300000,112908,0,0,0,390666360,78190000,0,0,0,0,78180000,0,0,0,0,7,0,0,0,0,1,0,0,0,0,
20240626,20240625,,cu2407,,21:01:03,78170000,78580000,0,78460000,78120000,78100000,78200000,0,84080000,73070000,2300,113934,898536450000,112902,0,0,500,390668020,78170000,0,0,0,0,78160000,0,0,0,0,23,0,0,0,0,8,0,0,0,0,
20240626,20240625,,cu2407,,21:01:04,78180000,78580000,0,78460000,78120000,78100000,78200000,0,84080000,73070000,2349,113934,917687100000,112908,0,0,0,390671390,78180000,0,0,0,0,78150000,0,0,0,0,8,0,0,0,0,5,0,0,0,0,
20240626,20240625,,cu2407,,21:01:04,78180000,78580000,0,78460000,78120000,78100000,78200000,0,84080000,73070000,2358,113934,921205200000,112911,0,0,500,390672260,78200000,0,0,0,0,78190000,0,0,0,0,10,0,0,0,0,1,0,0,0,0,
20240626,20240625,,cu2407,,21:01:05,78190000,78580000,0,78460000,78120000,78100000,78200000,0,84080000,73070000,2359,113934,921596150000,112911,0,0,0,390672380,78180000,0,0,0,0,78160000,0,0,0,0,1,0,0,0,0,7,0,0,0,0,
20240626,20240625,,cu2407,,21:01:05,78180000,78580000,0,78460000,78120000,78100000,78200000,0,84080000,73070000,2360,113934,921987050000,112911,0,0,500,390672470,78190000,0,0,0,0,78180000,0,0,0,0,11,0,0,0,0,2,0,0,0,0,
20240626,20240625,,cu2407,,21:01:06,78180000,78580000,0,78460000,78120000,78100000,78200000,0,84080000,73070000,2370,113934,925896450000,112914,0,0,0,390673600,78210000,0,0,0,0,78180000,0,0,0,0,5,0,0,0,0,1,0,0,0,0,
20240626,20240625,,cu2407,,21:01:06,78180000,78580000,0,78460000,78120000,78100000,78200000,0,84080000,73070000,2373,113934,927069150000,112912,0,0,500,390673890,78180000,0,0,0,0,78170000,0,0,0,0,1,0,0,0,0,21,0,0,0,0,
20240626,20240625,,cu2407,,21:01:07,78170000,78580000,0,78460000,78120000,78100000,78200000,0,84080000,73070000,2397,113934,936450300000,112925,0,0,0,390675970,78190000,0,0,0,0,78170000,0,0,0,0,4,0,0,0,0,2,0,0,0,0,
20240626,20240625,,cu2407,,21:01:07,78170000,78580000,0,78460000,78120000,78100000,78200000,0,84080000,73070000,2407,113934,940358800000,112931,0,0,500,390676690,78170000,0,0,0,0,78160000,0,0,0,0,7,0,0,0,0,5,0,0,0,0,
20240626,20240625,,cu2407,,21:01:08,78170000,78580000,0,78460000,78120000,78100000,78200000,0,84080000,73070000,2415,113934,943485600000,112937,0,0,0,390677260,78190000,0,0,0,0,78170000,0,0,0,0,4,0,0,0,0,21,0,0,0,0,
20240626,20240625,,cu2407,,21:01:08,78190000,78580000,0,78460000,78120000,78100000,78200000,0,84080000,73070000,2419,113934,945049400000,112937,0,0,500,390677710,78200000,0,0,0,0,78190000,0,0,0,0,9,0,0,0,0,4,0,0,0,0,
20240626,20240625,,cu2407,,21:01:09,78200000,78580000,0,78460000,78120000,78100000,78200000,0,84080000,73070000,2427,113934,948177400000,112939,0,0,0,390678780,78210000,0,0,0,0,78190000,0,0,0,0,5,0,0,0,0,5,0,0,0,0,
20240626,20240625,,cu2407,,21:01:09,78210000,78580000,0,78460000,78120000,78100000,78210000,0,84080000,73070000,2428,113934,948568450000,112939,0,0,500,390678930,78230000,0,0,0,0,78210000,0,0,0,0,6,0,0,0,0,3,0,0,0,0,
20240626,20240625,,cu2407,,21:01:10,78190000,78580000,0,78460000,78120000,78100000,78210000,0,84080000,73070000,2435,113934,951305500000,112936,0,0,0,390679870,78190000,0,0,0,0,78180000,0,0,0,0,2,0,0,0,0,12,0,0,0,0,
20240626,20240625,,cu2407,,21:01:10,78190000,78580000,0,78460000,78120000,78100000,78210000,0,84080000,73070000,2437,113934,952087400000,112936,0,0,500,390680090,78220000,0,0,0,0,78190000,0,0,0,0,12,0,0,0,0,1,0,0,0,0,
20240626,20240625,,cu2407,,21:01:11,78180000,78580000,0,78460000,78120000,78100000,78210000,0,84080000,73070000,2443,113934,954432800000,112939,0,0,0,390680630,78180000,0,0,0,0,78170000,0,0,0,0,2,0,0,0,0,7,0,0,0,0,
20240626,20240625,,cu2407,,21:01:11,78180000,78580000,0,78460000,78120000,78100000,78210000,0,84080000,73070000,2445,113934,955214600000,112939,0,0,500,390680810,78210000,0,0,0,0,78180000,0,0,0,0,9,0,0,0,0,5,0,0,0,0,
20240626,20240625,,cu2407,,21:01:12,78180000,78580000,0,78460000,78120000,78100000,78210000,0,84080000,73070000,2445,113934,955214600000,112939,0,0,0,390680810,78200000,0,0,0,0,78190000,0,0,0,0,3,0,0,0,0,1,0,0,0,0,
20240626,20240625,,cu2407,,21:01:12,78180000,78580000,0,78460000,78120000,78100000,78210000,0,84080000,73070000,2454,113934,958733000000,112942,0,0,500,390681740,78210000,0,0,0,0,78170000,0,0,0,0,8,0,0,0,0,6,0,0,0,0,
20240626,20240625,,cu2407,,21:01:13,78180000,78580000,0,78460000,78120000,78100000,78210000,0,84080000,73070000,2455,113934,959123900000,112942,0,0,0,390681830,78180000,0,0,0,0,78170000,0,0,0,0,3,0,0,0,0,6,0,0,0,0,
20240626,20240625,,cu2407,,21:01:13,78180000,78580000,0,78460000,78120000,78100000,78210000,0,84080000,73070000,2458,113934,960296600000,112945,0,0,500,390682100,78200000,0,0,0,0,78180000,0,0,0,0,2,0,0,0,0,2,0,0,0,0,
20240626,20240625,,cu2407,,21:01:14,78170000,78580000,0,78460000,78120000,78100000,78210000,0,84080000,73070000,2467,113934,963814400000,112951,0,0,0,390682770,78190000,0,0,0,0,78170000,0,0,0,0,2,0,0,0,0,2,0,0,0,0,
20240626,20240625,,cu2407,,21:01:14,78180000,78580000,0,78460000,78120000,78100000,78210000,0,84080000,73070000,2468,113934,964205300000,112951,0,0,500,390682860,78190000,0,0,0,0,78160000,0,0,0,0,8,0,0,0,0,39,0,0,0,0,
20240626,20240625,,cu2407,,21:01:15,78180000,78580000,0,78460000,78120000,78100000,78210000,0,84080000,73070000,2468,113934,964205300000,112951,0,0,0,390682860,78180000,0,0,0,0,78160000,0,0,0,0,1,0,0,0,0,43,0,0,0,0,
20240626,20240625,,cu2407,,21:01:15,78180000,78580000,0,78460000,78120000,78100000,78210000,0,84080000,73070000,2477,113934,967723400000,112945,0,0,500,390683650,78190000,0,0,0,0,78160000,0,0,0,0,7,0,0,0,0,44,0,0,0,0,
20240626,20240625,,cu2407,,21:01:16,78180000,78580000,0,78460000,78120000,78100000,78210000,0,84080000,73070000,2477,113934,967723400000,112945,0,0,0,390683650,78180000,0,0,0,0,78160000,0,0,0,0,8,0,0,0,0,39,0,0,0,0,
20240626,20240625,,cu2407,,21:01:16,78180000,78580000,0,78460000,78120000,78100000,78210000,0,84080000,73070000,2477,113934,967723400000,112945,0,0,500,390683650,78180000,0,0,0,0,78160000,0,0,0,0,8,0,0,0,0,40,0,0,0,0,
20240626,20240625,,cu2407,,21:01:17,78180000,78580000,0,78460000,78120000,78100000,78210000,0,84080000,73070000,2477,113934,967723400000,112945,0,0,0,390683650,78180000,0,0,0,0,78160000,0,0,0,0,5,0,0,0,0,40,0,0,0,0,
20240626,20240625,,cu2407,,21:01:17,78170000,78580000,0,78460000,78120000,78100000,78210000,0,84080000,73070000,2478,113934,968114250000,112944,0,0,500,390683710,78180000,0,0,0,0,78160000,0,0,0,0,4,0,0,0,0,40,0,0,0,0,
20240626,20240625,,cu2407,,21:01:18,78180000,78580000,0,78460000,78120000,78100000,78210000,0,84080000,73070000,2479,113934,968505150000,112944,0,0,0,390683800,78180000,0,0,0,0,78160000,0,0,0,0,3,0,0,0,0,40,0,0,0,0,
20240626,20240625,,cu2407,,21:01:18,78180000,78580000,0,78460000,78120000,78100000,78210000,0,84080000,73070000,2479,113934,968505150000,112944,0,0,500,390683800,78180000,0,0,0,0,78160000,0,0,0,0,5,0,0,0,0,39,0,0,0,0,
20240626,20240625,,cu2407,,21:01:19,78180000,78580000,0,78460000,78120000,78100000,78210000,0,84080000,73070000,2481,113934,969286950000,112943,0,0,0,390683970,78190000,0,0,0,0,78180000,0,0,0,0,2,0,0,0,0,17,0,0,0,0,
20240626,20240625,,cu2407,,21:01:19,78180000,78580000,0,78460000,78120000,78100000,78210000,0,84080000,73070000,2499,113934,976323150000,112941,0,0,500,390685530,78180000,0,0,0,0,78170000,0,0,0,0,6,0,0,0,0,1,0,0,0,0,
20240626,20240625,,cu2407,,21:01:20,78180000,78580000,0,78460000,78120000,78100000,78210000,0,84080000,73070000,2505,113934,978668400000,112941,0,0,0,390685980,78180000,0,0,0,0,78160000,0,0,0,0,1,0,0,0,0,38,0,0,0,0,
20240626,20240625,,cu2407,,21:01:20,78180000,78580000,0,78460000,78120000,78100000,78210000,0,84080000,73070000,2506,113934,979059300000,112942,0,0,500,390686070,78180000,0,0,0,0,78160000,0,0,0,0,4,0,0,0,0,48,0,0,0,0,
20240626,20240625,,cu2407,,21:01:21,78180000,78580000,0,78460000,78120000,78100000,78210000,0,84080000,73070000,2506,113934,979059300000,112942,0,0,0,390686070,78180000,0,0,0,0,78160000,0,0,0,0,4,0,0,0,0,48,0,0,0,0,
20240626,20240625,,cu2407,,21:01:21,78180000,78580000,0,78460000,78120000,78100000,78210000,0,84080000,73070000,2506,113934,979059300000,112942,0,0,500,390686070,78180000,0,0,0,0,78160000,0,0,0,0,1,0,0,0,0,48,0,0,0,0,
20240626,20240625,,cu2407,,21:01:22,78160000,78580000,0,78460000,78120000,78100000,78210000,0,84080000,73070000,2510,113934,980622500000,112945,0,0,0,390686250,78170000,0,0,0,0,78160000,0,0,0,0,1,0,0,0,0,44,0,0,0,0,
20240626,20240625,,cu2407,,21:01:22,78160000,78580000,0,78460000,78120000,78100000,78210000,0,84080000,73070000,2510,113934,980622500000,112945,0,0,500,390686250,78170000,0,0,0,0,78160000,0,0,0,0,1,0,0,0,0,45,0,0,0,0,
20240626,20240625,,cu2407,,21:01:23,78160000,78580000,0,78460000,78120000,78100000,78210000,0,84080000,73070000,2510,113934,980622500000,112945,0,0,0,390686250,78170000,0,0,0,0,78160000,0,0,0,0,1,0,0,0,0,45,0,0,0,0,
20240626,20240625,,cu2407,,21:01:23,78160000,78580000,0,78460000,78120000,78100000,78210000,0,84080000,73070000,2510,113934,980622500000,112945,0,0,500,390686250,78170000,0,0,0,0,78160000,0,0,0,0,1,0,0,0,0,46,0,0,0,0,
20240626,20240625,,cu2407,,21:01:24,78170000,78580000,0,78460000,78120000,78100000,78210000,0,84080000,73070000,2511,113934,981013350000,112944,0,0,0,390686320,78190000,0,0,0,0,78170000,0,0,0,0,5,0,0,0,0,19,0,0,0,0,
20240626,20240625,,cu2407,,21:01:24,78190000,78580000,0,78460000,78120000,78100000,78210000,0,84080000,73070000,2529,113934,988049950000,112947,0,0,500,390688000,78200000,0,0,0,0,78190000,0,0,0,0,2,0,0,0,0,4,0,0,0,0,
20240626,20240625,,cu2407,,21:01:25,78180000,78580000,0,78460000,78120000,78100000,78210000,0,84080000,73070000,2534,113934,990004650000,112950,0,0,0,390688490,78190000,0,0,0,0,78180000,0,0,0,0,2,0,0,0,0,5,0,0,0,0,
20240626,20240625,,cu2407,,21:01:25,78180000,78580000,0,78460000,78120000,78100000,78210000,0,84080000,73070000,2535,113934,990395550000,112950,0,0,500,390688580,78180000,0,0,0,0,78170000,0,0,0,0,4,0,0,0,0,22,0,0,0,0,
20240626,20240625,,cu2407,,21:01:26,78180000,78580000,0,78460000,78120000,78100000,78210000,0,84080000,73070000,2535,113934,990395550000,112950,0,0,0,390688580,78180000,0,0,0,0,78170000,0,0,0,0,5,0,0,0,0,23,0,0,0,0,
20240626,20240625,,cu2407,,21:01:26,78180000,78580000,0,78460000,78120000,78100000,78210000,0,84080000,73070000,2535,113934,990395550000,112950,0,0,500,390688580,78180000,0,0,0,0,78170000,0,0,0,0,1,0,0,0,0,18,0,0,0,0,
20240626,20240625,,cu2407,,21:01:27,78170000,78580000,0,78460000,78120000,78100000,78210000,0,84080000,73070000,2540,113934,992349800000,112949,0,0,0,390688890,78180000,0,0,0,0,78170000,0,0,0,0,7,0,0,0,0,13,0,0,0,0,
20240626,20240625,,cu2407,,21:01:27,78170000,78580000,0,78460000,78120000,78100000,78210000,0,84080000,73070000,2540,113934,992349800000,112949,0,0,500,390688890,78180000,0,0,0,0,78170000,0,0,0,0,7,0,0,0,0,12,0,0,0,0,
20240626,20240625,,cu2407,,21:01:28,78170000,78580000,0,78460000,78120000,78100000,78210000,0,84080000,73070000,2540,113934,992349800000,112949,0,0,0,390688890,78180000,0,0,0,0,78170000,0,0,0,0,3,0,0,0,0,12,0,0,0,0,
20240626,20240625,,cu2407,,21:01:28,78170000,78580000,0,78460000,78120000,78100000,78210000,0,84080000,73070000,2548,113934,995476650000,112946,0,0,500,390689420,78180000,0,0,0,0,78170000,0,0,0,0,2,0,0,0,0,5,0,0,0,0,
20240626,20240625,,cu2407,,21:01:29,78170000,78580000,0,78460000,78120000,78100000,78210000,0,84080000,73070000,2548,113934,995476650000,112946,0,0,0,390689420,78180000,0,0,0,0,78170000,0,0,0,0,6,0,0,0,0,5,0,0,0,0,
20240626,20240625,,cu2407,,21:01:29,78170000,78580000,0,78460000,78120000,78100000,78210000,0,84080000,73070000,2552,113934,997040050000,112946,0,0,500,390689670,78180000,0,0,0,0,78170000,0,0,0,0,6,0,0,0,0,1,0,0,0,0,
20240626,20240625,,cu2407,,21:01:30,78170000,78580000,0,78460000,78120000,78100000,78210000,0,84080000,73070000,2552,113934,997040050000,112946,0,0,0,390689670,78180000,0,0,0,0,78170000,0,0,0,0,2,0,0,0,0,1,0,0,0,0,
20240626,20240625,,cu2407,,21:01:30,78170000,78580000,0,78460000,78120000,78100000,78210000,0,84080000,73070000,2552,113934,997040050000,112946,0,0,500,390689670,78180000,0,0,0,0,78170000,0,0,0,0,6,0,0,0,0,6,0,0,0,0,
20240626,20240625,,cu2407,,21:01:31,78170000,78580000,0,78460000,78120000,78100000,78210000,0,84080000,73070000,2552,113934,997040050000,112946,0,0,0,390689670,78190000,0,0,0,0,78170000,0,0,0,0,2,0,0,0,0,7,0,0,0,0,
20240626,20240625,,cu2407,,21:01:31,78170000,78580000,0,78460000,78120000,78100000,78210000,0,84080000,73070000,2557,113934,998994300000,112946,0,0,500,390689980,78190000,0,0,0,0,78170000,0,0,0,0,8,0,0,0,0,1,0,0,0,0,
20240626,20240625,,cu2407,,21:01:32,78170000,78580000,0,78460000,78120000,78100000,78210000,0,84080000,73070000,2558,113934,999385150000,112945,0,0,0,390690050,78170000,0,0,0,0,78160000,0,0,0,0,1,0,0,0,0,63,0,0,0,0,
20240626,20240625,,cu2407,,21:01:32,78170000,78580000,0,78460000,78120000,78100000,78210000,0,84080000,73070000,2558,113934,999385150000,112945,0,0,500,390690050,78170000,0,0,0,0,78160000,0,0,0,0,1,0,0,0,0,64,0,0,0,0,
20240626,20240625,,cu2407,,21:01:33,78170000,78580000,0,78460000,78120000,78100000,78210000,0,84080000,73070000,2558,113934,999385150000,112945,0,0,0,390690050,78170000,0,0,0,0,78160000,0,0,0,0,1,0,0,0,0,64,0,0,0,0,
20240626,20240625,,cu2407,,21:01:33,78170000,78580000,0,78460000,78120000,78100000,78210000,0,84080000,73070000,2560,113934,1000166850000,112944,0,0,500,390690170,78180000,0,0,0,0,78170000,0,0,0,0,1,0,0,0,0,5,0,0,0,0,
20240626,20240625,,cu2407,,21:01:34,78170000,78580000,0,78460000,78120000,78100000,78210000,0,84080000,73070000,2564,113934,1001730250000,112948,0,0,0,390690420,78180000,0,0,0,0,78170000,0,0,0,0,1,0,0,0,0,1,0,0,0,0,
20240626,20240625,,cu2407,,21:01:35,78170000,78580000,0,78460000,78120000,78100000,78210000,0,84080000,73070000,2564,113934,1001730250000,112948,0,0,0,390690420,78180000,0,0,0,0,78170000,0,0,0,0,1,0,0,0,0,1,0,0,0,0,
20240626,20240625,,cu2407,,21:01:35,78180000,78580000,0,78460000,78120000,78100000,78210000,0,84080000,73070000,2565,113934,1002121150000,112948,0,0,500,390690500,78190000,0,0,0,0,78170000,0,0,0,0,4,0,0,0,0,7,0,0,0,0,
20240626,20240625,,cu2407,,21:01:36,78170000,78580000,0,78460000,78120000,78100000,78210000,0,84080000,73070000,2567,113934,1002902850000,112947,0,0,0,390690630,78180000,0,0,0,0,78170000,0,0,0,0,1,0,0,0,0,5,0,0,0,0,
20240626,20240625,,cu2407,,21:01:36,78170000,78580000,0,78460000,78120000,78100000,78210000,0,84080000,73070000,2567,113934,1002902850000,112947,0,0,500,390690630,78180000,0,0,0,0,78170000,0,0,0,0,1,0,0,0,0,5,0,0,0,0,
20240626,20240625,,cu2407,,21:01:37,78170000,78580000,0,78460000,78120000,78100000,78210000,0,84080000,73070000,2568,113934,1003293700000,112947,0,0,0,390690690,78180000,0,0,0,0,78170000,0,0,0,0,1,0,0,0,0,5,0,0,0,0,
20240626,20240625,,cu2407,,21:01:37,78170000,78580000,0,78460000,78120000,78100000,78210000,0,84080000,73070000,2568,113934,1003293700000,112947,0,0,500,390690690,78180000,0,0,0,0,78170000,0,0,0,0,1,0,0,0,0,1,0,0,0,0,
20240626,20240625,,cu2407,,21:01:38,78170000,78580000,0,78460000,78120000,78100000,78210000,0,84080000,73070000,2568,113934,1003293700000,112947,0,0,0,390690690,78180000,0,0,0,0,78170000,0,0,0,0,1,0,0,0,0,2,0,0,0,0,
20240626,20240625,,cu2407,,21:01:38,78170000,78580000,0,78460000,78120000,78100000,78210000,0,84080000,73070000,2570,113934,1004075450000,112947,0,0,500,390690830,78170000,0,0,0,0,78160000,0,0,0,0,1,0,0,0,0,63,0,0,0,0,
20240626,20240625,,cu2407,,21:01:39,78170000,78580000,0,78460000,78120000,78100000,78210000,0,84080000,73070000,2570,113934,1004075450000,112947,0,0,0,390690830,78170000,0,0,0,0,78160000,0,0,0,0,2,0,0,0,0,64,0,0,0,0,
20240626,20240625,,cu2407,,21:01:39,78170000,78580000,0,78460000,78120000,78100000,78210000,0,84080000,73070000,2571,113934,1004466300000,112947,0,0,500,390690890,78180000,0,0,0,0,78170000,0,0,0,0,20,0,0,0,0,9,0,0,0,0,
20240626,20240625,,cu2407,,21:01:40,78170000,78580000,0,78460000,78120000,78100000,78210000,0,84080000,73070000,2571,113934,1004466300000,112947,0,0,0,390690890,78190000,0,0,0,0,78180000,0,0,0,0,4,0,0,0,0,1,0,0,0,0,
20240626,20240625,,cu2407,,21:01:40,78180000,78580000,0,78460000,78120000,78100000,78210000,0,84080000,73070000,2576,113934,1006420800000,112946,0,0,500,390691300,78190000,0,0,0,0,78180000,0,0,0,0,4,0,0,0,0,1,0,0,0,0,
20240626,20240625,,cu2407,,21:01:41,78180000,78580000,0,78460000,78120000,78100000,78210000,0,84080000,73070000,2576,113934,1006420800000,112946,0,0,0,390691300,78190000,0,0,0,0,78170000,0,0,0,0,4,0,0,0,0,9,0,0,0,0,
20240626,20240625,,cu2407,,21:01:41,78180000,78580000,0,78460000,78120000,78100000,78210000,0,84080000,73070000,2576,113934,1006420800000,112946,0,0,500,390691300,78190000,0,0,0,0,78170000,0,0,0,0,8,0,0,0,0,10,0,0,0,0,
20240626,20240625,,cu2407,,21:01:42,78180000,78580000,0,78460000,78120000,78100000,78210000,0,84080000,73070000,2576,113934,1006420800000,112946,0,0,0,390691300,78190000,0,0,0,0,78170000,0,0,0,0,6,0,0,0,0,10,0,0,0,0,
20240626,20240625,,cu2407,,21:01:42,78170000,78580000,0,78460000,78120000,78100000,78210000,0,84080000,73070000,2585,113934,1009938450000,112955,0,0,500,390691850,78170000,0,0,0,0,78160000,0,0,0,0,4,0,0,0,0,63,0,0,0,0,
20240626,20240625,,cu2407,,21:01:43,78170000,78580000,0,78460000,78120000,78100000,78210000,0,84080000,73070000,2585,113934,1009938450000,112955,0,0,0,390691850,78170000,0,0,0,0,78160000,0,0,0,0,14,0,0,0,0,64,0,0,0,0,
20240626,20240625,,cu2407,,21:01:43,78160000,78580000,0,78460000,78120000,78100000,78210000,0,84080000,73070000,2588,113934,1011110850000,112952,0,0,500,390691980,78170000,0,0,0,0,78160000,0,0,0,0,9,0,0,0,0,60,0,0,0,0,
20240626,20240625,,cu2407,,21:01:44,78160000,78580000,0,78460000,78120000,78100000,78210000,0,84080000,73070000,2588,113934,1011110850000,112952,0,0,0,390691980,78170000,0,0,0,0,78160000,0,0,0,0,14,0,0,0,0,60,0,0,0,0,
20240626,20240625,,cu2407,,21:01:44,78160000,78580000,0,78460000,78120000,78100000,78210000,0,84080000,73070000,2589,113934,1011501650000,112951,0,0,500,390692020,78170000,0,0,0,0,78160000,0,0,0,0,6,0,0,0,0,59,0,0,0,0,
20240626,20240625,,cu2407,,21:01:45,78160000,78580000,0,78460000,78120000,78100000,78210000,0,84080000,73070000,2597,113934,1014628200000,112949,0,0,0,390692410,78180000,0,0,0,0,78160000,0,0,0,0,18,0,0,0,0,55,0,0,0,0,
20240626,20240625,,cu2407,,21:01:45,78160000,78580000,0,78460000,78120000,78100000,78210000,0,84080000,73070000,2597,113934,1014628200000,112949,0,0,500,390692410,78170000,0,0,0,0,78160000,0,0,0,0,3,0,0,0,0,55,0,0,0,0,
20240626,20240625,,cu2407,,21:01:46,78160000,78580000,0,78460000,78120000,78100000,78210000,0,84080000,73070000,2601,113934,1016191550000,112948,0,0,0,390692630,78180000,0,0,0,0,78160000,0,0,0,0,21,0,0,0,0,54,0,0,0,0,
20240626,20240625,,cu2407,,21:01:46,78160000,78580000,0,78460000,78120000,78100000,78210000,0,84080000,73070000,2601,113934,1016191550000,112948,0,0,500,390692630,78180000,0,0,0,0,78170000,0,0,0,0,20,0,0,0,0,2,0,0,0,0,
20240626,20240625,,cu2407,,21:01:47,78170000,78580000,0,78460000,78120000,78100000,78210000,0,84080000,73070000,2605,113934,1017754950000,112949,0,0,0,390692880,78170000,0,0,0,0,78160000,0,0,0,0,1,0,0,0,0,53,0,0,0,0,
20240626,20240625,,cu2407,,21:01:47,78170000,78580000,0,78460000,78120000,78100000,78210000,0,84080000,73070000,2608,113934,1018927500000,112948,0,0,500,390693060,78190000,0,0,0,0,78170000,0,0,0,0,4,0,0,0,0,3,0,0,0,0,
20240626,20240625,,cu2407,,21:01:48,78170000,78580000,0,78460000,78120000,78100000,78210000,0,84080000,73070000,2608,113934,1018927500000,112948,0,0,0,390693060,78190000,0,0,0,0,78170000,0,0,0,0,15,0,0,0,0,3,0,0,0,0,
20240626,20240625,,cu2407,,21:01:48,78170000,78580000,0,78460000,78120000,78100000,78210000,0,84080000,73070000,2608,113934,1018927500000,112948,0,0,500,390693060,78180000,0,0,0,0,78160000,0,0,0,0,37,0,0,0,0,53,0,0,0,0,
20240626,20240625,,cu2407,,21:01:49,78170000,78580000,0,78460000,78120000,78100000,78210000,0,84080000,73070000,2608,113934,1018927500000,112948,0,0,0,390693060,78180000,0,0,0,0,78160000,0,0,0,0,36,0,0,0,0,54,0,0,0,0,
20240626,20240625,,cu2407,,21:01:49,78170000,78580000,0,78460000,78120000,78100000,78210000,0,84080000,73070000,2608,113934,1018927500000,112948,0,0,500,390693060,78180000,0,0,0,0,78160000,0,0,0,0,36,0,0,0,0,53,0,0,0,0,
20240626,20240625,,cu2407,,21:01:50,78170000,78580000,0,78460000,78120000,78100000,78210000,0,84080000,73070000,2608,113934,1018927500000,112948,0,0,0,390693060,78180000,0,0,0,0,78160000,0,0,0,0,44,0,0,0,0,53,0,0,0,0,
20240626,20240625,,cu2407,,21:01:50,78170000,78580000,0,78460000,78120000,78100000,78210000,0,84080000,73070000,2608,113934,1018927500000,112948,0,0,500,390693060,78180000,0,0,0,0,78160000,0,0,0,0,44,0,0,0,0,55,0,0,0,0,
20240626,20240625,,cu2407,,21:01:51,78170000,78580000,0,78460000,78120000,78100000,78210000,0,84080000,73070000,2608,113934,1018927500000,112948,0,0,0,390693060,78170000,0,0,0,0,78160000,0,0,0,0,2,0,0,0,0,54,0,0,0,0,
20240626,20240625,,cu2407,,21:01:51,78170000,78580000,0,78460000,78120000,78100000,78210000,0,84080000,73070000,2608,113934,1018927500000,112948,0,0,500,390693060,78170000,0,0,0,0,78160000,0,0,0,0,7,0,0,0,0,54,0,0,0,0,
20240626,20240625,,cu2407,,21:01:52,78170000,78580000,0,78460000,78120000,78100000,78210000,0,84080000,73070000,2609,113934,1019318350000,112947,0,0,0,390693120,78170000,0,0,0,0,78160000,0,0,0,0,4,0,0,0,0,54,0,0,0,0,
20240626,20240625,,cu2407,,21:01:52,78170000,78580000,0,78460000,78120000,78100000,78210000,0,84080000,73070000,2609,113934,1019318350000,112947,0,0,500,390693120,78180000,0,0,0,0,78160000,0,0,0,0,37,0,0,0,0,55,0,0,0,0,
20240626,20240625,,cu2407,,21:01:53,78160000,78580000,0,78460000,78120000,78100000,78210000,0,84080000,73070000,2610,113934,1019709150000,112946,0,0,0,390693160,78180000,0,0,0,0,78160000,0,0,0,0,52,0,0,0,0,53,0,0,0,0,
20240626,20240625,,cu2407,,21:01:53,78160000,78580000,0,78460000,78120000,78100000,78210000,0,84080000,73070000,2610,113934,1019709150000,112946,0,0,500,390693160,78180000,0,0,0,0,78160000,0,0,0,0,51,0,0,0,0,53,0,0,0,0,
20240626,20240625,,cu2407,,21:01:54,78160000,78580000,0,78460000,78120000,78100000,78210000,0,84080000,73070000,2610,113934,1019709150000,112946,0,0,0,390693160,78180000,0,0,0,0,78160000,0,0,0,0,39,0,0,0,0,53,0,0,0,0,
20240626,20240625,,cu2407,,21:01:54,78160000,78580000,0,78460000,78120000,78100000,78210000,0,84080000,73070000,2610,113934,1019709150000,112946,0,0,500,390693160,78180000,0,0,0,0,78160000,0,0,0,0,40,0,0,0,0,54,0,0,0,0,
20240626,20240625,,cu2407,,21:01:55,78160000,78580000,0,78460000,78120000,78100000,78210000,0,84080000,73070000,2610,113934,1019709150000,112946,0,0,0,390693160,78180000,0,0,0,0,78160000,0,0,0,0,40,0,0,0,0,54,0,0,0,0,
20240626,20240625,,cu2407,,21:01:55,78160000,78580000,0,78460000,78120000,78100000,78210000,0,84080000,73070000,2610,113934,1019709150000,112946,0,0,500,390693160,78180000,0,0,0,0,78160000,0,0,0,0,43,0,0,0,0,54,0,0,0,0,
20240626,20240625,,cu2407,,21:01:56,78160000,78580000,0,78460000,78120000,78100000,78210000,0,84080000,73070000,2610,113934,1019709150000,112946,0,0,500,390693160,78180000,0,0,0,0,78160000,0,0,0,0,43,0,0,0,0,55,0,0,0,0,
20240626,20240625,,cu2407,,21:01:57,78160000,78580000,0,78460000,78120000,78100000,78210000,0,84080000,73070000,2610,113934,1019709150000,112946,0,0,0,390693160,78180000,0,0,0,0,78160000,0,0,0,0,43,0,0,0,0,55,0,0,0,0,
20240626,20240625,,cu2407,,21:01:57,78160000,78580000,0,78460000,78120000,78100000,78210000,0,84080000,73070000,2610,113934,1019709150000,112946,0,0,500,390693160,78180000,0,0,0,0,78160000,0,0,0,0,36,0,0,0,0,55,0,0,0,0,
20240626,20240625,,cu2407,,21:01:58,78160000,78580000,0,78460000,78120000,78100000,78210000,0,84080000,73070000,2610,113934,1019709150000,112946,0,0,0,390693160,78180000,0,0,0,0,78160000,0,0,0,0,36,0,0,0,0,55,0,0,0,0,
20240626,20240625,,cu2407,,21:01:58,78160000,78580000,0,78460000,78120000,78100000,78210000,0,84080000,73070000,2610,113934,1019709150000,112946,0,0,500,390693160,78180000,0,0,0,0,78160000,0,0,0,0,36,0,0,0,0,55,0,0,0,0,
20240626,20240625,,cu2407,,21:01:59,78160000,78580000,0,78460000,78120000,78100000,78210000,0,84080000,73070000,2646,113934,1033777950000,112913,0,0,0,390694610,78180000,0,0,0,0,78160000,0,0,0,0,36,0,0,0,0,18,0,0,0,0,
20240626,20240625,,cu2407,,21:01:59,78160000,78580000,0,78460000,78120000,78100000,78210000,0,84080000,73070000,2646,113934,1033777950000,112913,0,0,500,390694610,78170000,0,0,0,0,78160000,0,0,0,0,1,0,0,0,0,18,0,0,0,0,
20240626,20240625,,cu2407,,21:02:00,78170000,78580000,0,78460000,78120000,78100000,78210000,0,84080000,73070000,2652,113934,1036123000000,112908,0,0,0,390694940,78180000,0,0,0,0,78160000,0,0,0,0,36,0,0,0,0,17,0,0,0,0,
20240626,20240625,,cu2407,,21:02:00,78160000,78580000,0,78460000,78120000,78100000,78210000,0,84080000,73070000,2656,113934,1037686200000,112912,0,0,500,390695100,78180000,0,0,0,0,78160000,0,0,0,0,40,0,0,0,0,15,0,0,0,0,
20240626,20240625,,cu2407,,21:02:01,78160000,78580000,0,78460000,78120000,78100000,78210000,0,84080000,73070000,2656,113934,1037686200000,112912,0,0,0,390695100,78170000,0,0,0,0,78160000,0,0,0,0,19,0,0,0,0,14,0,0,0,0,
20240626,20240625,,cu2407,,21:02:01,78170000,78580000,0,78460000,78120000,78100000,78210000,0,84080000,73070000,2671,113934,1043548250000,112915,0,0,500,390695710,78170000,0,0,0,0,78150000,0,0,0,0,20,0,0,0,0,27,0,0,0,0,
20240626,20240625,,cu2407,,21:02:02,78170000,78580000,0,78460000,78120000,78100000,78210000,0,84080000,73070000,2671,113934,1043548250000,112915,0,0,0,390695710,78160000,0,0,0,0,78150000,0,0,0,0,5,0,0,0,0,27,0,0,0,0,
20240626,20240625,,cu2407,,21:02:02,78160000,78580000,0,78460000,78120000,78100000,78210000,0,84080000,73070000,2673,113934,1044329850000,112915,0,0,500,390695790,78160000,0,0,0,0,78150000,0,0,0,0,3,0,0,0,0,27,0,0,0,0,
20240626,20240625,,cu2407,,21:02:03,78160000,78580000,0,78460000,78120000,78100000,78210000,0,84080000,73070000,2674,113934,1044720650000,112915,0,0,0,390695830,78160000,0,0,0,0,78150000,0,0,0,0,2,0,0,0,0,27,0,0,0,0,
20240626,20240625,,cu2407,,21:02:03,78160000,78580000,0,78460000,78120000,78100000,78210000,0,84080000,73070000,2676,113934,1045502250000,112915,0,0,500,390695900,78170000,0,0,0,0,78160000,0,0,0,0,24,0,0,0,0,3,0,0,0,0,
20240626,20240625,,cu2407,,21:02:04,78160000,78580000,0,78460000,78120000,78100000,78210000,0,84080000,73070000,2679,113934,1046674650000,112912,0,0,0,390696020,78160000,0,0,0,0,78150000,0,0,0,0,1,0,0,0,0,27,0,0,0,0,
20240626,20240625,,cu2407,,21:02:04,78160000,78580000,0,78460000,78120000,78100000,78210000,0,84080000,73070000,2679,113934,1046674650000,112912,0,0,500,390696020,78170000,0,0,0,0,78160000,0,0,0,0,23,0,0,0,0,1,0,0,0,0,
20240626,20240625,,cu2407,,21:02:05,78160000,78580000,0,78460000,78120000,78100000,78210000,0,84080000,73070000,2679,113934,1046674650000,112912,0,0,0,390696020,78170000,0,0,0,0,78160000,0,0,0,0,26,0,0,0,0,1,0,0,0,0,
20240626,20240625,,cu2407,,21:02:05,78160000,78580000,0,78460000,78120000,78100000,78210000,0,84080000,73070000,2679,113934,1046674650000,112912,0,0,500,390696020,78170000,0,0,0,0,78160000,0,0,0,0,20,0,0,0,0,1,0,0,0,0,
20240626,20240625,,cu2407,,21:02:06,78160000,78580000,0,78460000,78120000,78100000,78210000,0,84080000,73070000,2679,113934,1046674650000,112912,0,0,0,390696020,78170000,0,0,0,0,78160000,0,0,0,0,6,0,0,0,0,1,0,0,0,0,
20240626,20240625,,cu2407,,21:02:07,78160000,78580000,0,78460000,78120000,78100000,78210000,0,84080000,73070000,2679,113934,1046674650000,112912,0,0,0,390696020,78170000,0,0,0,0,78160000,0,0,0,0,6,0,0,0,0,1,0,0,0,0,
20240626,20240625,,cu2407,,21:02:07,78160000,78580000,0,78460000,78120000,78100000,78210000,0,84080000,73070000,2679,113934,1046674650000,112912,0,0,500,390696020,78170000,0,0,0,0,78160000,0,0,0,0,3,0,0,0,0,2,0,0,0,0,
20240626,20240625,,cu2407,,21:02:08,78160000,78580000,0,78460000,78120000,78100000,78210000,0,84080000,73070000,2683,113934,1048237950000,112911,0,0,0,390696210,78170000,0,0,0,0,78160000,0,0,0,0,1,0,0,0,0,1,0,0,0,0,
20240626,20240625,,cu2407,,21:02:08,78170000,78580000,0,78460000,78120000,78100000,78210000,0,84080000,73070000,2684,113934,1048628800000,112910,0,0,500,390696270,78180000,0,0,0,0,78170000,0,0,0,0,36,0,0,0,0,5,0,0,0,0,
20240626,20240625,,cu2407,,21:02:09,78170000,78580000,0,78460000,78120000,78100000,78210000,0,84080000,73070000,2689,113934,1050583050000,112910,0,0,0,390696560,78170000,0,0,0,0,78160000,0,0,0,0,3,0,0,0,0,10,0,0,0,0,
20240626,20240625,,cu2407,,21:02:09,78170000,78580000,0,78460000,78120000,78100000,78210000,0,84080000,73070000,2689,113934,1050583050000,112910,0,0,500,390696560,78170000,0,0,0,0,78160000,0,0,0,0,9,0,0,0,0,15,0,0,0,0,
20240626,20240625,,cu2407,,21:02:10,78170000,78580000,0,78460000,78120000,78100000,78210000,0,84080000,73070000,2689,113934,1050583050000,112910,0,0,0,390696560,78170000,0,0,0,0,78160000,0,0,0,0,8,0,0,0,0,10,0,0,0,0,
20240626,20240625,,cu2407,,21:02:10,78170000,78580000,0,78460000,78120000,78100000,78210000,0,84080000,73070000,2689,113934,1050583050000,112910,0,0,500,390696560,78170000,0,0,0,0,78160000,0,0,0,0,8,0,0,0,0,10,0,0,0,0,
20240626,20240625,,cu2407,,21:02:11,78160000,78580000,0,78460000,78120000,78100000,78210000,0,84080000,73070000,2693,113934,1052146250000,112910,0,0,0,390696710,78170000,0,0,0,0,78160000,0,0,0,0,11,0,0,0,0,6,0,0,0,0,
20240626,20240625,,cu2407,,21:02:11,78170000,78580000,0,78460000,78120000,78100000,78210000,0,84080000,73070000,2695,113934,1052927950000,112908,0,0,500,390696820,78170000,0,0,0,0,78160000,0,0,0,0,9,0,0,0,0,6,0,0,0,0,
20240626,20240625,,cu2407,,21:02:12,78170000,78580000,0,78460000,78120000,78100000,78210000,0,84080000,73070000,2695,113934,1052927950000,112908,0,0,0,390696820,78170000,0,0,0,0,78160000,0,0,0,0,7,0,0,0,0,6,0,0,0,0,
20240626,20240625,,cu2407,,21:02:12,78170000,78580000,0,78460000,78120000,78100000,78210000,0,84080000,73070000,2695,113934,1052927950000,112908,0,0,500,390696820,78180000,0,0,0,0,78160000,0,0,0,0,36,0,0,0,0,12,0,0,0,0,
20240626,20240625,,cu2407,,21:02:13,78180000,78580000,0,78460000,78120000,78100000,78210000,0,84080000,73070000,2696,113934,1053318850000,112907,0,0,0,390696900,78180000,0,0,0,0,78160000,0,0,0,0,42,0,0,0,0,12,0,0,0,0,
20240626,20240625,,cu2407,,21:02:13,78160000,78580000,0,78460000,78120000,78100000,78210000,0,84080000,73070000,2701,113934,1055272850000,112906,0,0,500,390697090,78180000,0,0,0,0,78160000,0,0,0,0,42,0,0,0,0,7,0,0,0,0,
20240626,20240625,,cu2407,,21:02:14,78160000,78580000,0,78460000,78120000,78100000,78210000,0,84080000,73070000,2701,113934,1055272850000,112906,0,0,0,390697090,78170000,0,0,0,0,78160000,0,0,0,0,1,0,0,0,0,6,0,0,0,0,
20240626,20240625,,cu2407,,21:02:14,78170000,78580000,0,78460000,78120000,78100000,78210000,0,84080000,73070000,2703,113934,1056054550000,112904,0,0,500,390697200,78180000,0,0,0,0,78160000,0,0,0,0,35,0,0,0,0,1,0,0,0,0,
20240626,20240625,,cu2407,,21:02:15,78170000,78580000,0,78460000,78120000,78100000,78210000,0,84080000,73070000,2703,113934,1056054550000,112904,0,0,0,390697200,78170000,0,0,0,0,78160000,0,0,0,0,3,0,0,0,0,6,0,0,0,0,
20240626,20240625,,cu2407,,21:02:15,78180000,78580000,0,78460000,78120000,78100000,78210000,0,84080000,73070000,2710,113934,1058790600000,112898,0,0,500,390697630,78170000,0,0,0,0,78160000,0,0,0,0,1,0,0,0,0,6,0,0,0,0,
20240626,20240625,,cu2407,,21:02:16,78180000,78580000,0,78460000,78120000,78100000,78210000,0,84080000,73070000,2713,113934,1059963300000,112897,0,0,0,390697860,78180000,0,0,0,0,78160000,0,0,0,0,32,0,0,0,0,7,0,0,0,0,
20240626,20240625,,cu2407,,21:02:16,78180000,78580000,0,78460000,78120000,78100000,78210000,0,84080000,73070000,2713,113934,1059963300000,112897,0,0,500,390697860,78180000,0,0,0,0,78170000,0,0,0,0,31,0,0,0,0,4,0,0,0,0,
20240626,20240625,,cu2407,,21:02:17,78180000,78580000,0,78460000,78120000,78100000,78210000,0,84080000,73070000,2713,113934,1059963300000,112897,0,0,0,390697860,78180000,0,0,0,0,78170000,0,0,0,0,32,0,0,0,0,4,0,0,0,0,
20240626,20240625,,cu2407,,21:02:17,78180000,78580000,0,78460000,78120000,78100000,78210000,0,84080000,73070000,2717,113934,1061526900000,112901,0,0,500,390698160,78180000,0,0,0,0,78170000,0,0,0,0,28,0,0,0,0,5,0,0,0,0,
20240626,20240625,,cu2407,,21:02:18,78170000,78580000,0,78460000,78120000,78100000,78210000,0,84080000,73070000,2722,113934,1063481150000,112901,0,0,0,390698430,78180000,0,0,0,0,78160000,0,0,0,0,28,0,0,0,0,8,0,0,0,0,
20240626,20240625,,cu2407,,21:02:18,78170000,78580000,0,78460000,78120000,78100000,78210000,0,84080000,73070000,2722,113934,1063481150000,112901,0,0,500,390698430,78180000,0,0,0,0,78160000,0,0,0,0,28,0,0,0,0,9,0,0,0,0,
20240626,20240625,,cu2407,,21:02:19,78180000,78580000,0,78460000,78120000,78100000,78210000,0,84080000,73070000,2732,113934,1067390150000,112911,0,0,0,390699170,78180000,0,0,0,0,78160000,0,0,0,0,18,0,0,0,0,9,0,0,0,0,
20240626,20240625,,cu2407,,21:02:20,78180000,78580000,0,78460000,78120000,78100000,78210000,0,84080000,73070000,2732,113934,1067390150000,112911,0,0,0,390699170,78180000,0,0,0,0,78170000,0,0,0,0,18,0,0,0,0,1,0,0,0,0,
20240626,20240625,,cu2407,,21:02:20,78180000,78580000,0,78460000,78120000,78100000,78210000,0,84080000,73070000,2734,113934,1068171950000,112913,0,0,500,390699320,78180000,0,0,0,0,78170000,0,0,0,0,16,0,0,0,0,5,0,0,0,0,
20240626,20240625,,cu2407,,21:02:21,78180000,78580000,0,78460000,78120000,78100000,78210000,0,84080000,73070000,2736,113934,1068953750000,112915,0,0,0,390699470,78180000,0,0,0,0,78170000,0,0,0,0,16,0,0,0,0,11,0,0,0,0,
20240626,20240625,,cu2407,,21:02:21,78180000,78580000,0,78460000,78120000,78100000,78210000,0,84080000,73070000,2736,113934,1068953750000,112915,0,0,500,390699470,78180000,0,0,0,0,78170000,0,0,0,0,15,0,0,0,0,11,0,0,0,0,
20240626,20240625,,cu2407,,21:02:22,78170000,78580000,0,78460000,78120000,78100000,78210000,0,84080000,73070000,2738,113934,1069735450000,112914,0,0,500,390699580,78180000,0,0,0,0,78170000,0,0,0,0,15,0,0,0,0,9,0,0,0,0,
20240626,20240625,,cu2407,,21:02:23,78170000,78580000,0,78460000,78120000,78100000,78210000,0,84080000,73070000,2739,113934,1070126300000,112914,0,0,0,390699630,78180000,0,0,0,0,78170000,0,0,0,0,14,0,0,0,0,2,0,0,0,0,
20240626,20240625,,cu2407,,21:02:23,78180000,78580000,0,78460000,78120000,78100000,78210000,0,84080000,73070000,2740,113934,1070517200000,112915,0,0,500,390699700,78180000,0,0,0,0,78170000,0,0,0,0,13,0,0,0,0,2,0,0,0,0,
20240626,20240625,,cu2407,,21:02:24,78180000,78580000,0,78460000,78120000,78100000,78210000,0,84080000,73070000,2740,113934,1070517200000,112915,0,0,0,390699700,78180000,0,0,0,0,78170000,0,0,0,0,13,0,0,0,0,9,0,0,0,0,
20240626,20240625,,cu2407,,21:02:25,78180000,78580000,0,78460000,78120000,78100000,78210000,0,84080000,73070000,2746,113934,1072862600000,112915,0,0,500,390700140,78180000,0,0,0,0,78170000,0,0,0,0,7,0,0,0,0,8,0,0,0,0,
20240626,20240625,,cu2407,,21:02:26,78180000,78580000,0,78460000,78120000,78100000,78210000,0,84080000,73070000,2746,113934,1072862600000,112915,0,0,0,390700140,78180000,0,0,0,0,78170000,0,0,0,0,7,0,0,0,0,9,0,0,0,0,
20240626,20240625,,cu2407,,21:02:26,78180000,78580000,0,78460000,78120000,78100000,78210000,0,84080000,73070000,2753,113934,1075598900000,112921,0,0,500,390700650,78190000,0,0,0,0,78180000,0,0,0,0,3,0,0,0,0,6,0,0,0,0,
20240626,20240625,,cu2407,,21:02:27,78180000,78580000,0,78460000,78120000,78100000,78210000,0,84080000,73070000,2754,113934,1075989800000,112921,0,0,0,390700720,78190000,0,0,0,0,78180000,0,0,0,0,2,0,0,0,0,5,0,0,0,0,
20240626,20240625,,cu2407,,21:02:27,78180000,78580000,0,78460000,78120000,78100000,78210000,0,84080000,73070000,2754,113934,1075989800000,112921,0,0,500,390700720,78190000,0,0,0,0,78180000,0,0,0,0,3,0,0,0,0,5,0,0,0,0,
20240626,20240625,,cu2407,,21:02:28,78180000,78580000,0,78460000,78120000,78100000,78210000,0,84080000,73070000,2754,113934,1075989800000,112921,0,0,0,390700720,78190000,0,0,0,0,78180000,0,0,0,0,4,0,0,0,0,7,0,0,0,0,
20240626,20240625,,cu2407,,21:02:28,78180000,78580000,0,78460000,78120000,78100000,78210000,0,84080000,73070000,2754,113934,1075989800000,112921,0,0,500,390700720,78190000,0,0,0,0,78180000,0,0,0,0,3,0,0,0,0,6,0,0,0,0,
20240626,20240625,,cu2407,,21:02:29,78180000,78580000,0,78460000,78120000,78100000,78210000,0,84080000,73070000,2754,113934,1075989800000,112921,0,0,0,390700720,78190000,0,0,0,0,78180000,0,0,0,0,19,0,0,0,0,6,0,0,0,0,
20240626,20240625,,cu2407,,21:02:29,78180000,78580000,0,78460000,78120000,78100000,78210000,0,84080000,73070000,2754,113934,1075989800000,112921,0,0,500,390700720,78190000,0,0,0,0,78180000,0,0,0,0,5,0,0,0,0,9,0,0,0,0,
20240626,20240625,,cu2407,,21:02:30,78180000,78580000,0,78460000,78120000,78100000,78210000,0,84080000,73070000,2755,113934,1076380700000,112921,0,0,0,390700790,78190000,0,0,0,0,78180000,0,0,0,0,2,0,0,0,0,9,0,0,0,0,
20240626,20240625,,cu2407,,21:02:31,78180000,78580000,0,78460000,78120000,78100000,78210000,0,84080000,73070000,2764,113934,1079898800000,112917,0,0,0,390701440,78180000,0,0,0,0,78170000,0,0,0,0,97,0,0,0,0,6,0,0,0,0,
20240626,20240625,,cu2407,,21:02:31,78180000,78580000,0,78460000,78120000,78100000,78210000,0,84080000,73070000,2764,113934,1079898800000,112917,0,0,500,390701440,78180000,0,0,0,0,78170000,0,0,0,0,97,0,0,0,0,1,0,0,0,0,
20240626,20240625,,cu2407,,21:02:32,78180000,78580000,0,78460000,78120000,78100000,78210000,0,84080000,73070000,2764,113934,1079898800000,112917,0,0,0,390701440,78180000,0,0,0,0,78170000,0,0,0,0,97,0,0,0,0,1,0,0,0,0,
20240626,20240625,,cu2407,,21:02:32,78180000,78580000,0,78460000,78120000,78100000,78210000,0,84080000,73070000,2764,113934,1079898800000,112917,0,0,500,390701440,78180000,0,0,0,0,78170000,0,0,0,0,97,0,0,0,0,1,0,0,0,0,
20240626,20240625,,cu2407,,21:02:33,78160000,78580000,0,78460000,78120000,78100000,78210000,0,84080000,73070000,2773,113934,1083416050000,112923,0,0,0,390701780,78170000,0,0,0,0,78160000,0,0,0,0,6,0,0,0,0,2,0,0,0,0,
20240626,20240625,,cu2407,,21:02:33,78170000,78580000,0,78460000,78120000,78100000,78210000,0,84080000,73070000,2787,113934,1088887500000,112925,0,0,500,390702360,78170000,0,0,0,0,78160000,0,0,0,0,4,0,0,0,0,2,0,0,0,0,
20240626,20240625,,cu2407,,21:02:34,78170000,78580000,0,78460000,78120000,78100000,78210000,0,84080000,73070000,2791,113934,1090450900000,112928,0,0,0,390702580,78180000,0,0,0,0,78160000,0,0,0,0,97,0,0,0,0,7,0,0,0,0,
20240626,20240625,,cu2407,,21:02:34,78160000,78580000,0,78460000,78120000,78100000,78210000,0,84080000,73070000,2792,113934,1090841700000,112928,0,0,500,390702610,78180000,0,0,0,0,78160000,0,0,0,0,97,0,0,0,0,5,0,0,0,0,
20240626,20240625,,cu2407,,21:02:35,78150000,78580000,0,78460000,78120000,78100000,78210000,0,84080000,73070000,2801,113934,1094358700000,112936,0,0,0,390702850,78170000,0,0,0,0,78150000,0,0,0,0,5,0,0,0,0,25,0,0,0,0,
20240626,20240625,,cu2407,,21:02:35,78170000,78580000,0,78460000,78120000,78100000,78210000,0,84080000,73070000,2812,113934,1098657550000,112934,0,0,500,390703250,78170000,0,0,0,0,78160000,0,0,0,0,22,0,0,0,0,1,0,0,0,0,
20240626,20240625,,cu2407,,21:02:36,78170000,78580000,0,78460000,78120000,78100000,78210000,0,84080000,73070000,2816,113934,1100220950000,112930,0,0,0,390703460,78170000,0,0,0,0,78160000,0,0,0,0,18,0,0,0,0,1,0,0,0,0,
20240626,20240625,,cu2407,,21:02:36,78150000,78580000,0,78460000,78120000,78100000,78210000,0,84080000,73070000,2820,113934,1101784000000,112931,0,0,500,390703540,78170000,0,0,0,0,78150000,0,0,0,0,18,0,0,0,0,22,0,0,0,0,
20240626,20240625,,cu2407,,21:02:37,78150000,78580000,0,78460000,78120000,78100000,78210000,0,84080000,73070000,2820,113934,1101784000000,112931,0,0,0,390703540,78170000,0,0,0,0,78150000,0,0,0,0,18,0,0,0,0,22,0,0,0,0,
20240626,20240625,,cu2407,,21:02:37,78170000,78580000,0,78460000,78120000,78100000,78210000,0,84080000,73070000,2821,113934,1102174850000,112930,0,0,500,390703590,78170000,0,0,0,0,78150000,0,0,0,0,17,0,0,0,0,22,0,0,0,0,
20240626,20240625,,cu2407,,21:02:38,78170000,78580000,0,78460000,78120000,78100000,78210000,0,84080000,73070000,2825,113934,1103738250000,112926,0,0,0,390703800,78170000,0,0,0,0,78150000,0,0,0,0,13,0,0,0,0,22,0,0,0,0,
20240626,20240625,,cu2407,,21:02:38,78170000,78580000,0,78460000,78120000,78100000,78210000,0,84080000,73070000,2825,113934,1103738250000,112926,0,0,500,390703800,78170000,0,0,0,0,78160000,0,0,0,0,9,0,0,0,0,7,0,0,0,0,
20240626,20240625,,cu2407,,21:02:39,78170000,78580000,0,78460000,78120000,78100000,78210000,0,84080000,73070000,2834,113934,1107255900000,112923,0,0,0,390704270,78180000,0,0,0,0,78160000,0,0,0,0,98,0,0,0,0,4,0,0,0,0,
20240626,20240625,,cu2407,,21:02:39,78150000,78580000,0,78460000,78120000,78100000,78210000,0,84080000,73070000,2836,113934,1108037450000,112922,0,0,500,390704320,78180000,0,0,0,0,78150000,0,0,0,0,99,0,0,0,0,21,0,0,0,0,
20240626,20240625,,cu2407,,21:02:40,78170000,78580000,0,78460000,78120000,78100000,78210000,0,84080000,73070000,2837,113934,1108428300000,112922,0,0,0,390704370,78180000,0,0,0,0,78170000,0,0,0,0,98,0,0,0,0,1,0,0,0,0,
20240626,20240625,,cu2407,,21:02:40,78170000,78580000,0,78460000,78120000,78100000,78210000,0,84080000,73070000,2838,113934,1108819150000,112922,0,0,500,390704420,78180000,0,0,0,0,78160000,0,0,0,0,104,0,0,0,0,1,0,0,0,0,
20240626,20240625,,cu2407,,21:02:41,78170000,78580000,0,78460000,78120000,78100000,78210000,0,84080000,73070000,2838,113934,1108819150000,112922,0,0,0,390704420,78180000,0,0,0,0,78160000,0,0,0,0,99,0,0,0,0,6,0,0,0,0,
20240626,20240625,,cu2407,,21:02:41,78170000,78580000,0,78460000,78120000,78100000,78210000,0,84080000,73070000,2838,113934,1108819150000,112922,0,0,500,390704420,78170000,0,0,0,0,78160000,0,0,0,0,24,0,0,0,0,6,0,0,0,0,
20240626,20240625,,cu2407,,21:02:42,78170000,78580000,0,78460000,78120000,78100000,78210000,0,84080000,73070000,2838,113934,1108819150000,112922,0,0,0,390704420,78170000,0,0,0,0,78160000,0,0,0,0,25,0,0,0,0,1,0,0,0,0,
20240626,20240625,,cu2407,,21:02:42,78170000,78580000,0,78460000,78120000,78100000,78210000,0,84080000,73070000,2838,113934,1108819150000,112922,0,0,500,390704420,78170000,0,0,0,0,78160000,0,0,0,0,25,0,0,0,0,1,0,0,0,0,
20240626,20240625,,cu2407,,21:02:43,78170000,78580000,0,78460000,78120000,78100000,78210000,0,84080000,73070000,2838,113934,1108819150000,112922,0,0,0,390704420,78170000,0,0,0,0,78160000,0,0,0,0,25,0,0,0,0,2,0,0,0,0,
20240626,20240625,,cu2407,,21:02:44,78160000,78580000,0,78460000,78120000,78100000,78210000,0,84080000,73070000,2844,113934,1111164150000,112917,0,0,500,390704690,78170000,0,0,0,0,78150000,0,0,0,0,22,0,0,0,0,20,0,0,0,0,
20240626,20240625,,cu2407,,21:02:45,78150000,78580000,0,78460000,78120000,78100000,78210000,0,84080000,73070000,2845,113934,1111554900000,112916,0,0,0,390704710,78170000,0,0,0,0,78150000,0,0,0,0,21,0,0,0,0,19,0,0,0,0,
20240626,20240625,,cu2407,,21:02:45,78150000,78580000,0,78460000,78120000,78100000,78210000,0,84080000,73070000,2845,113934,1111554900000,112916,0,0,500,390704710,78160000,0,0,0,0,78150000,0,0,0,0,13,0,0,0,0,19,0,0,0,0,
20240626,20240625,,cu2407,,21:02:46,78150000,78580000,0,78460000,78120000,78100000,78210000,0,84080000,73070000,2845,113934,1111554900000,112916,0,0,0,390704710,78160000,0,0,0,0,78150000,0,0,0,0,13,0,0,0,0,19,0,0,0,0,
20240626,20240625,,cu2407,,21:02:46,78160000,78580000,0,78460000,78120000,78100000,78210000,0,84080000,73070000,2848,113934,1112727300000,112913,0,0,500,390704810,78160000,0,0,0,0,78150000,0,0,0,0,4,0,0,0,0,19,0,0,0,0,
20240626,20240625,,cu2407,,21:02:47,78160000,78580000,0,78460000,78120000,78100000,78210000,0,84080000,73070000,2848,113934,1112727300000,112913,0,0,0,390704810,78160000,0,0,0,0,78150000,0,0,0,0,1,0,0,0,0,19,0,0,0,0,
20240626,20240625,,cu2407,,21:02:47,78160000,78580000,0,78460000,78120000,78100000,78210000,0,84080000,73070000,2848,113934,1112727300000,112913,0,0,500,390704810,78160000,0,0,0,0,78150000,0,0,0,0,1,0,0,0,0,19,0,0,0,0,
20240626,20240625,,cu2407,,21:02:48,78160000,78580000,0,78460000,78120000,78100000,78210000,0,84080000,73070000,2850,113934,1113508850000,112912,0,0,0,390704860,78170000,0,0,0,0,78150000,0,0,0,0,20,0,0,0,0,18,0,0,0,0,
20240626,20240625,,cu2407,,21:02:48,78160000,78580000,0,78460000,78120000,78100000,78210000,0,84080000,73070000,2850,113934,1113508850000,112912,0,0,500,390704860,78160000,0,0,0,0,78150000,0,0,0,0,4,0,0,0,0,18,0,0,0,0,
20240626,20240625,,cu2407,,21:02:49,78160000,78580000,0,78460000,78120000,78100000,78210000,0,84080000,73070000,2854,113934,1115072000000,112909,0,0,0,390704970,78160000,0,0,0,0,78150000,0,0,0,0,4,0,0,0,0,17,0,0,0,0,
20240626,20240625,,cu2407,,21:02:49,78150000,78580000,0,78460000,78120000,78100000,78210000,0,84080000,73070000,2858,113934,1116635000000,112906,0,0,500,390705030,78160000,0,0,0,0,78150000,0,0,0,0,6,0,0,0,0,13,0,0,0,0,
20240626,20240625,,cu2407,,21:02:50,78150000,78580000,0,78460000,78120000,78100000,78210000,0,84080000,73070000,2860,113934,1117416500000,112904,0,0,0,390705070,78160000,0,0,0,0,78150000,0,0,0,0,7,0,0,0,0,11,0,0,0,0,
20240626,20240625,,cu2407,,21:02:50,78150000,78580000,0,78460000,78120000,78100000,78210000,0,84080000,73070000,2860,113934,1117416500000,112904,0,0,500,390705070,78160000,0,0,0,0,78150000,0,0,0,0,6,0,0,0,0,11,0,0,0,0,
20240626,20240625,,cu2407,,21:02:51,78150000,78580000,0,78460000,78120000,78100000,78210000,0,84080000,73070000,2860,113934,1117416500000,112904,0,0,0,390705070,78160000,0,0,0,0,78150000,0,0,0,0,6,0,0,0,0,11,0,0,0,0,
20240626,20240625,,cu2407,,21:02:51,78170000,78580000,0,78460000,78120000,78100000,78210000,0,84080000,73070000,2865,113934,1119370700000,112900,0,0,500,390705300,78170000,0,0,0,0,78150000,0,0,0,0,34,0,0,0,0,11,0,0,0,0,
20240626,20240625,,cu2407,,21:02:52,78170000,78580000,0,78460000,78120000,78100000,78210000,0,84080000,73070000,2865,113934,1119370700000,112900,0,0,0,390705300,78160000,0,0,0,0,78150000,0,0,0,0,3,0,0,0,0,11,0,0,0,0,
20240626,20240625,,cu2407,,21:02:52,78170000,78580000,0,78460000,78120000,78100000,78210000,0,84080000,73070000,2865,113934,1119370700000,112900,0,0,500,390705300,78160000,0,0,0,0,78150000,0,0,0,0,3,0,0,0,0,11,0,0,0,0,
20240626,20240625,,cu2407,,21:02:53,78160000,78580000,0,78460000,78120000,78100000,78210000,0,84080000,73070000,2868,113934,1120543100000,112899,0,0,0,390705400,78160000,0,0,0,0,78150000,0,0,0,0,5,0,0,0,0,11,0,0,0,0,
20240626,20240625,,cu2407,,21:02:53,78160000,78580000,0,78460000,78120000,78100000,78210000,0,84080000,73070000,2868,113934,1120543100000,112899,0,0,500,390705400,78170000,0,0,0,0,78150000,0,0,0,0,42,0,0,0,0,11,0,0,0,0,
20240626,20240625,,cu2407,,21:02:54,78160000,78580000,0,78460000,78120000,78100000,78210000,0,84080000,73070000,2868,113934,1120543100000,112899,0,0,0,390705400,78170000,0,0,0,0,78150000,0,0,0,0,45,0,0,0,0,11,0,0,0,0,
20240626,20240625,,cu2407,,21:02:55,78170000,78580000,0,78460000,78120000,78100000,78210000,0,84080000,73070000,2872,113934,1122106400000,112896,0,0,0,390705570,78170000,0,0,0,0,78150000,0,0,0,0,42,0,0,0,0,10,0,0,0,0,
20240626,20240625,,cu2407,,21:02:55,78170000,78580000,0,78460000,78120000,78100000,78210000,0,84080000,73070000,2872,113934,1122106400000,112896,0,0,500,390705570,78170000,0,0,0,0,78150000,0,0,0,0,27,0,0,0,0,10,0,0,0,0,
20240626,20240625,,cu2407,,21:02:56,78170000,78580000,0,78460000,78120000,78100000,78210000,0,84080000,73070000,2872,113934,1122106400000,112896,0,0,0,390705570,78170000,0,0,0,0,78150000,0,0,0,0,28,0,0,0,0,10,0,0,0,0,
20240626,20240625,,cu2407,,21:02:57,78170000,78580000,0,78460000,78120000,78100000,78210000,0,84080000,73070000,2875,113934,1123278950000,112893,0,0,0,390705720,78170000,0,0,0,0,78160000,0,0,0,0,24,0,0,0,0,2,0,0,0,0,
20240626,20240625,,cu2407,,21:02:57,78160000,78580000,0,78460000,78120000,78100000,78210000,0,84080000,73070000,2876,113934,1123669750000,112892,0,0,500,390705750,78170000,0,0,0,0,78160000,0,0,0,0,23,0,0,0,0,1,0,0,0,0,
20240626,20240625,,cu2407,,21:02:58,78160000,78580000,0,78460000,78120000,78100000,78210000,0,84080000,73070000,2876,113934,1123669750000,112892,0,0,0,390705750,78170000,0,0,0,0,78160000,0,0,0,0,23,0,0,0,0,2,0,0,0,0,
20240626,20240625,,cu2407,,21:02:58,78170000,78580000,0,78460000,78120000,78100000,78210000,0,84080000,73070000,2879,113934,1124842300000,112889,0,0,500,390705900,78170000,0,0,0,0,78160000,0,0,0,0,20,0,0,0,0,2,0,0,0,0,
20240626,20240625,,cu2407,,21:02:59,78170000,78580000,0,78460000,78120000,78100000,78210000,0,84080000,73070000,2879,113934,1124842300000,112889,0,0,0,390705900,78170000,0,0,0,0,78160000,0,0,0,0,21,0,0,0,0,2,0,0,0,0,
20240626,20240625,,cu2407,,21:02:59,78170000,78580000,0,78460000,78120000,78100000,78210000,0,84080000,73070000,2880,113934,1125233150000,112889,0,0,500,390705950,78170000,0,0,0,0,78160000,0,0,0,0,20,0,0,0,0,3,0,0,0,0,
20240626,20240625,,cu2407,,21:03:00,78170000,78580000,0,78460000,78120000,78100000,78210000,0,84080000,73070000,2880,113934,1125233150000,112889,0,0,0,390705950,78170000,0,0,0,0,78160000,0,0,0,0,19,0,0,0,0,3,0,0,0,0,
20240626,20240625,,cu2407,,21:03:00,78170000,78580000,0,78460000,78120000,78100000,78210000,0,84080000,73070000,2883,113934,1126405700000,112886,0,0,500,390706100,78170000,0,0,0,0,78160000,0,0,0,0,16,0,0,0,0,3,0,0,0,0,
20240626,20240625,,cu2407,,21:03:01,78170000,78580000,0,78460000,78120000,78100000,78210000,0,84080000,73070000,2883,113934,1126405700000,112886,0,0,500,390706100,78170000,0,0,0,0,78160000,0,0,0,0,17,0,0,0,0,8,0,0,0,0,
20240626,20240625,,cu2407,,21:03:02,78160000,78580000,0,78460000,78120000,78100000,78210000,0,84080000,73070000,2885,113934,1127187300000,112884,0,0,500,390706170,78170000,0,0,0,0,78160000,0,0,0,0,17,0,0,0,0,6,0,0,0,0,
20240626,20240625,,cu2407,,21:03:03,78160000,78580000,0,78460000,78120000,78100000,78210000,0,84080000,73070000,2890,113934,1129141500000,112880,0,0,0,390706400,78170000,0,0,0,0,78160000,0,0,0,0,13,0,0,0,0,5,0,0,0,0,
20240626,20240625,,cu2407,,21:03:03,78170000,78580000,0,78460000,78120000,78100000,78210000,0,84080000,73070000,2891,113934,1129532350000,112879,0,0,500,390706450,78170000,0,0,0,0,78160000,0,0,0,0,16,0,0,0,0,5,0,0,0,0,
20240626,20240625,,cu2407,,21:03:04,78170000,78580000,0,78460000,78120000,78100000,78210000,0,84080000,73070000,2891,113934,1129532350000,112879,0,0,0,390706450,78170000,0,0,0,0,78160000,0,0,0,0,16,0,0,0,0,8,0,0,0,0,
20240626,20240625,,cu2407,,21:03:04,78170000,78580000,0,78460000,78120000,78100000,78210000,0,84080000,73070000,2891,113934,1129532350000,112879,0,0,500,390706450,78170000,0,0,0,0,78160000,0,0,0,0,16,0,0,0,0,3,0,0,0,0,
20240626,20240625,,cu2407,,21:03:05,78170000,78580000,0,78460000,78120000,78100000,78210000,0,84080000,73070000,2891,113934,1129532350000,112879,0,0,0,390706450,78170000,0,0,0,0,78160000,0,0,0,0,16,0,0,0,0,3,0,0,0,0,
20240626,20240625,,cu2407,,21:03:05,78170000,78580000,0,78460000,78120000,78100000,78210000,0,84080000,73070000,2891,113934,1129532350000,112879,0,0,500,390706450,78170000,0,0,0,0,78160000,0,0,0,0,16,0,0,0,0,3,0,0,0,0,
20240626,20240625,,cu2407,,21:03:06,78170000,78580000,0,78460000,78120000,78100000,78210000,0,84080000,73070000,2892,113934,1129923200000,112878,0,0,0,390706500,78170000,0,0,0,0,78160000,0,0,0,0,15,0,0,0,0,8,0,0,0,0,
20240626,20240625,,cu2407,,21:03:06,78170000,78580000,0,78460000,78120000,78100000,78210000,0,84080000,73070000,2894,113934,1130704900000,112876,0,0,500,390706600,78170000,0,0,0,0,78160000,0,0,0,0,14,0,0,0,0,8,0,0,0,0,
20240626,20240625,,cu2407,,21:03:07,78170000,78580000,0,78460000,78120000,78100000,78210000,0,84080000,73070000,2894,113934,1130704900000,112876,0,0,0,390706600,78170000,0,0,0,0,78160000,0,0,0,0,14,0,0,0,0,3,0,0,0,0,
20240626,20240625,,cu2407,,21:03:07,78160000,78580000,0,78460000,78120000,78100000,78210000,0,84080000,73070000,2895,113934,1131095700000,112876,0,0,500,390706630,78170000,0,0,0,0,78160000,0,0,0,0,14,0,0,0,0,2,0,0,0,0,
20240626,20240625,,cu2407,,21:03:08,78170000,78580000,0,78460000,78120000,78100000,78210000,0,84080000,73070000,2900,113934,1133049950000,112871,0,0,0,390706880,78170000,0,0,0,0,78160000,0,0,0,0,14,0,0,0,0,2,0,0,0,0,
20240626,20240625,,cu2407,,21:03:08,78170000,78580000,0,78460000,78120000,78100000,78210000,0,84080000,73070000,2900,113934,1133049950000,112871,0,0,500,390706880,78170000,0,0,0,0,78160000,0,0,0,0,15,0,0,0,0,3,0,0,0,0,
20240626,20240625,,cu2407,,21:03:09,78170000,78580000,0,78460000,78120000,78100000,78210000,0,84080000,73070000,2900,113934,1133049950000,112871,0,0,0,390706880,78170000,0,0,0,0,78160000,0,0,0,0,9,0,0,0,0,3,0,0,0,0,
20240626,20240625,,cu2407,,21:03:09,78160000,78580000,0,78460000,78120000,78100000,78210000,0,84080000,73070000,2901,113934,1133440750000,112871,0,0,500,390706910,78170000,0,0,0,0,78160000,0,0,0,0,14,0,0,0,0,2,0,0,0,0,
20240626,20240625,,cu2407,,21:03:10,78160000,78580000,0,78460000,78120000,78100000,78210000,0,84080000,73070000,2901,113934,1133440750000,112871,0,0,0,390706910,78170000,0,0,0,0,78160000,0,0,0,0,9,0,0,0,0,2,0,0,0,0,
20240626,20240625,,cu2407,,21:03:10,78170000,78580000,0,78460000,78120000,78100000,78210000,0,84080000,73070000,2902,113934,1133831600000,112871,0,0,500,390706960,78170000,0,0,0,0,78160000,0,0,0,0,9,0,0,0,0,2,0,0,0,0,
20240626,20240625,,cu2407,,21:03:11,78170000,78580000,0,78460000,78120000,78100000,78210000,0,84080000,73070000,2903,113934,1134222450000,112870,0,0,0,390707010,78170000,0,0,0,0,78160000,0,0,0,0,7,0,0,0,0,7,0,0,0,0,
20240626,20240625,,cu2407,,21:03:11,78170000,78580000,0,78460000,78120000,78100000,78210000,0,84080000,73070000,2903,113934,1134222450000,112870,0,0,500,390707010,78170000,0,0,0,0,78160000,0,0,0,0,7,0,0,0,0,2,0,0,0,0,
20240626,20240625,,cu2407,,21:03:12,78170000,78580000,0,78460000,78120000,78100000,78210000,0,84080000,73070000,2903,113934,1134222450000,112870,0,0,0,390707010,78170000,0,0,0,0,78160000,0,0,0,0,7,0,0,0,0,7,0,0,0,0,
20240626,20240625,,cu2407,,21:03:12,78170000,78580000,0,78460000,78120000,78100000,78210000,0,84080000,73070000,2903,113934,1134222450000,112870,0,0,500,390707010,78170000,0,0,0,0,78160000,0,0,0,0,7,0,0,0,0,2,0,0,0,0,
20240626,20240625,,cu2407,,21:03:13,78170000,78580000,0,78460000,78120000,78100000,78210000,0,84080000,73070000,2903,113934,1134222450000,112870,0,0,0,390707010,78170000,0,0,0,0,78160000,0,0,0,0,12,0,0,0,0,8,0,0,0,0,
20240626,20240625,,cu2407,,21:03:13,78160000,78580000,0,78460000,78120000,78100000,78210000,0,84080000,73070000,2907,113934,1135785650000,112871,0,0,500,390707130,78170000,0,0,0,0,78160000,0,0,0,0,7,0,0,0,0,4,0,0,0,0,
20240626,20240625,,cu2407,,21:03:14,78160000,78580000,0,78460000,78120000,78100000,78210000,0,84080000,73070000,2911,113934,1137348850000,112868,0,0,0,390707260,78160000,0,0,0,0,78150000,0,0,0,0,13,0,0,0,0,45,0,0,0,0,
20240626,20240625,,cu2407,,21:03:14,78160000,78580000,0,78460000,78120000,78100000,78210000,0,84080000,73070000,2963,113934,1157667950000,112857,0,0,500,390708050,78160000,0,0,0,0,78130000,0,0,0,0,12,0,0,0,0,28,0,0,0,0,
20240626,20240625,,cu2407,,21:03:15,78130000,78580000,0,78460000,78120000,78100000,78210000,0,84080000,73070000,2964,113934,1158058600000,112856,0,0,0,390708030,78150000,0,0,0,0,78130000,0,0,0,0,29,0,0,0,0,27,0,0,0,0,
20240626,20240625,,cu2407,,21:03:15,78130000,78580000,0,78460000,78120000,78100000,78210000,0,84080000,73070000,2967,113934,1159230550000,112855,0,0,500,390707970,78140000,0,0,0,0,78130000,0,0,0,0,11,0,0,0,0,24,0,0,0,0,
20240626,20240625,,cu2407,,21:03:16,78140000,78580000,0,78460000,78120000,78100000,78210000,0,84080000,73070000,2975,113934,1162356000000,112849,0,0,0,390707900,78140000,0,0,0,0,78130000,0,0,0,0,22,0,0,0,0,21,0,0,0,0,
20240626,20240625,,cu2407,,21:03:16,78130000,78580000,0,78460000,78120000,78100000,78210000,0,84080000,73070000,2981,113934,1164699900000,112845,0,0,500,390707780,78140000,0,0,0,0,78130000,0,0,0,0,45,0,0,0,0,15,0,0,0,0,
20240626,20240625,,cu2407,,21:03:17,78130000,78580000,0,78460000,78120000,78100000,78210000,0,84080000,73070000,2995,113934,1170169000000,112840,0,0,0,390707510,78140000,0,0,0,0,78130000,0,0,0,0,45,0,0,0,0,6,0,0,0,0,
20240626,20240625,,cu2407,,21:03:17,78130000,78580000,0,78460000,78120000,78100000,78210000,0,84080000,73070000,2996,113934,1170559650000,112839,0,0,500,390707490,78140000,0,0,0,0,78120000,0,0,0,0,7,0,0,0,0,12,0,0,0,0,
20240626,20240625,,cu2407,,21:03:18,78130000,78580000,0,78460000,78120000,78100000,78210000,0,84080000,73070000,2996,113934,1170559650000,112839,0,0,0,390707490,78140000,0,0,0,0,78130000,0,0,0,0,8,0,0,0,0,1,0,0,0,0,
20240626,20240625,,cu2407,,21:03:18,78130000,78580000,0,78460000,78120000,78100000,78210000,0,84080000,73070000,2996,113934,1170559650000,112839,0,0,500,390707490,78140000,0,0,0,0,78130000,0,0,0,0,10,0,0,0,0,6,0,0,0,0,
20240626,20240625,,cu2407,,21:03:19,78140000,78580000,0,78460000,78120000,78100000,78210000,0,84080000,73070000,2998,113934,1171341000000,112839,0,0,0,390707470,78140000,0,0,0,0,78120000,0,0,0,0,6,0,0,0,0,12,0,0,0,0,
20240626,20240625,,cu2407,,21:03:19,78140000,78580000,0,78460000,78120000,78100000,78210000,0,84080000,73070000,2998,113934,1171341000000,112839,0,0,500,390707470,78140000,0,0,0,0,78120000,0,0,0,0,11,0,0,0,0,12,0,0,0,0,
20240626,20240625,,cu2407,,21:03:20,78140000,78580000,0,78460000,78120000,78100000,78210000,0,84080000,73070000,2998,113934,1171341000000,112839,0,0,500,390707470,78140000,0,0,0,0,78120000,0,0,0,0,11,0,0,0,0,12,0,0,0,0,
20240626,20240625,,cu2407,,21:03:21,78140000,78580000,0,78460000,78120000,78100000,78210000,0,84080000,73070000,2998,113934,1171341000000,112839,0,0,0,390707470,78140000,0,0,0,0,78120000,0,0,0,0,11,0,0,0,0,12,0,0,0,0,
20240626,20240625,,cu2407,,21:03:21,78140000,78580000,0,78460000,78120000,78100000,78210000,0,84080000,73070000,2998,113934,1171341000000,112839,0,0,500,390707470,78140000,0,0,0,0,78130000,0,0,0,0,11,0,0,0,0,3,0,0,0,0,
20240626,20240625,,cu2407,,21:03:22,78130000,78580000,0,78460000,78120000,78100000,78210000,0,84080000,73070000,3001,113934,1172512950000,112839,0,0,0,390707410,78140000,0,0,0,0,78120000,0,0,0,0,18,0,0,0,0,12,0,0,0,0,
20240626,20240625,,cu2407,,21:03:22,78130000,78580000,0,78460000,78120000,78100000,78210000,0,84080000,73070000,3001,113934,1172512950000,112839,0,0,500,390707410,78140000,0,0,0,0,78120000,0,0,0,0,38,0,0,0,0,12,0,0,0,0,
20240626,20240625,,cu2407,,21:03:23,78120000,78580000,0,78460000,78120000,78100000,78210000,0,84080000,73070000,3005,113934,1174075350000,112840,0,0,0,390707270,78130000,0,0,0,0,78120000,0,0,0,0,1,0,0,0,0,8,0,0,0,0,
20240626,20240625,,cu2407,,21:03:23,78120000,78580000,0,78460000,78120000,78100000,78210000,0,84080000,73070000,3008,113934,1175247150000,112839,0,0,500,390707160,78130000,0,0,0,0,78120000,0,0,0,0,6,0,0,0,0,5,0,0,0,0,
20240626,20240625,,cu2407,,21:03:24,78120000,78580000,0,78460000,78120000,78100000,78210000,0,84080000,73070000,3008,113934,1175247150000,112839,0,0,0,390707160,78130000,0,0,0,0,78120000,0,0,0,0,9,0,0,0,0,5,0,0,0,0,
20240626,20240625,,cu2407,,21:03:24,78120000,78580000,0,78460000,78120000,78100000,78210000,0,84080000,73070000,3008,113934,1175247150000,112839,0,0,500,390707160,78130000,0,0,0,0,78110000,0,0,0,0,12,0,0,0,0,10,0,0,0,0,
20240626,20240625,,cu2407,,21:03:25,78120000,78580000,0,78460000,78120000,78100000,78210000,0,84080000,73070000,3008,113934,1175247150000,112839,0,0,0,390707160,78120000,0,0,0,0,78110000,0,0,0,0,6,0,0,0,0,10,0,0,0,0,
20240626,20240625,,cu2407,,21:03:25,78120000,78580000,0,78460000,78120000,78100000,78210000,0,84080000,73070000,3015,113934,1177981350000,112837,0,0,500,390706910,78120000,0,0,0,0,78110000,0,0,0,0,2,0,0,0,0,10,0,0,0,0,
20240626,20240625,,cu2407,,21:03:26,78120000,78580000,0,78460000,78120000,78100000,78210000,0,84080000,73070000,3019,113934,1179543750000,112836,0,0,0,390706770,78130000,0,0,0,0,78120000,0,0,0,0,2,0,0,0,0,1,0,0,0,0,
20240626,20240625,,cu2407,,21:03:26,78110000,78580000,0,78460000,78120000,78100000,78210000,0,84080000,73070000,3024,113934,1181496550000,112840,0,0,500,390706530,78120000,0,0,0,0,78110000,0,0,0,0,4,0,0,0,0,6,0,0,0,0,
20240626,20240625,,cu2407,,21:03:27,78110000,78580000,0,78460000,78120000,78100000,78210000,0,84080000,73070000,3026,113934,1182277650000,112838,0,0,0,390706420,78120000,0,0,0,0,78110000,0,0,0,0,12,0,0,0,0,2,0,0,0,0,
20240626,20240625,,cu2407,,21:03:27,78110000,78580000,0,78460000,78120000,78100000,78210000,0,84080000,73070000,3026,113934,1182277650000,112838,0,0,500,390706420,78120000,0,0,0,0,78110000,0,0,0,0,18,0,0,0,0,2,0,0,0,0,
20240626,20240625,,cu2407,,21:03:28,78110000,78580000,0,78460000,78120000,78100000,78210000,0,84080000,73070000,3028,113934,1183058750000,112837,0,0,0,390706320,78120000,0,0,0,0,78100000,0,0,0,0,18,0,0,0,0,111,0,0,0,0,
20240626,20240625,,cu2407,,21:03:28,78110000,78580000,0,78460000,78120000,78100000,78210000,0,84080000,73070000,3028,113934,1183058750000,112837,0,0,500,390706320,78120000,0,0,0,0,78100000,0,0,0,0,44,0,0,0,0,111,0,0,0,0,
20240626,20240625,,cu2407,,21:03:29,78110000,78580000,0,78460000,78120000,78100000,78210000,0,84080000,73070000,3028,113934,1183058750000,112837,0,0,0,390706320,78110000,0,0,0,0,78100000,0,0,0,0,1,0,0,0,0,111,0,0,0,0,
20240626,20240625,,cu2407,,21:03:29,78110000,78580000,0,78460000,78120000,78100000,78210000,0,84080000,73070000,3028,113934,1183058750000,112837,0,0,500,390706320,78110000,0,0,0,0,78100000,0,0,0,0,1,0,0,0,0,111,0,0,0,0,
20240626,20240625,,cu2407,,21:03:30,78100000,78580000,0,78460000,78120000,78100000,78210000,0,84080000,73070000,3035,113934,1185792250000,112835,0,0,0,390705840,78110000,0,0,0,0,78100000,0,0,0,0,5,0,0,0,0,104,0,0,0,0,
20240626,20240625,,cu2407,,21:03:30,78100000,78580000,0,78460000,78120000,78100000,78210000,0,84080000,73070000,3050,113934,1191650150000,112826,0,0,500,390704960,78120000,0,0,0,0,78100000,0,0,0,0,21,0,0,0,0,97,0,0,0,0,
20240626,20240625,,cu2407,,21:03:31,78110000,78580000,0,78460000,78120000,78100000,78210000,0,84080000,73070000,3057,113934,1194383700000,112825,0,0,0,390704510,78110000,0,0,0,0,78100000,0,0,0,0,13,0,0,0,0,91,0,0,0,0,
20240626,20240625,,cu2407,,21:03:31,78100000,78580000,0,78460000,78120000,78100000,78210000,0,84080000,73070000,3058,113934,1194774200000,112825,0,0,500,390704440,78110000,0,0,0,0,78100000,0,0,0,0,30,0,0,0,0,90,0,0,0,0,
20240626,20240625,,cu2407,,21:03:32,78110000,78580000,0,78460000,78120000,78100000,78210000,0,84080000,73070000,3076,113934,1201804100000,112812,0,0,0,390703540,78110000,0,0,0,0,78100000,0,0,0,0,13,0,0,0,0,90,0,0,0,0,
20240626,20240625,,cu2407,,21:03:32,78110000,78580000,0,78460000,78120000,78100000,78210000,0,84080000,73070000,3077,113934,1202194650000,112811,0,0,500,390703490,78120000,0,0,0,0,78100000,0,0,0,0,15,0,0,0,0,90,0,0,0,0,
20240626,20240625,,cu2407,,21:03:33,78110000,78580000,0,78460000,78120000,78100000,78210000,0,84080000,73070000,3077,113934,1202194650000,112811,0,0,0,390703490,78120000,0,0,0,0,78100000,0,0,0,0,41,0,0,0,0,90,0,0,0,0,
20240626,20240625,,cu2407,,21:03:33,78100000,78580000,0,78460000,78120000,78100000,78210000,0,84080000,73070000,3078,113934,1202585150000,112811,0,0,500,390703420,78120000,0,0,0,0,78100000,0,0,0,0,41,0,0,0,0,89,0,0,0,0,
20240626,20240625,,cu2407,,21:03:34,78120000,78580000,0,78460000,78120000,78100000,78210000,0,84080000,73070000,3081,113934,1203756850000,112812,0,0,0,390703290,78120000,0,0,0,0,78100000,0,0,0,0,40,0,0,0,0,88,0,0,0,0,
20240626,20240625,,cu2407,,21:03:34,78120000,78580000,0,78460000,78120000,78100000,78210000,0,84080000,73070000,3081,113934,1203756850000,112812,0,0,500,390703290,78120000,0,0,0,0,78110000,0,0,0,0,38,0,0,0,0,1,0,0,0,0,
20240626,20240625,,cu2407,,21:03:35,78110000,78580000,0,78460000,78120000,78100000,78210000,0,84080000,73070000,3082,113934,1204147400000,112811,0,0,0,390703240,78110000,0,0,0,0,78100000,0,0,0,0,3,0,0,0,0,88,0,0,0,0,
20240626,20240625,,cu2407,,21:03:35,78100000,78580000,0,78460000,78120000,78100000,78210000,0,84080000,73070000,3088,113934,1206490400000,112815,0,0,500,390702850,78110000,0,0,0,0,78100000,0,0,0,0,18,0,0,0,0,82,0,0,0,0,
20240626,20240625,,cu2407,,21:03:36,78100000,78580000,0,78460000,78120000,78100000,78210000,0,84080000,73070000,3098,113934,1210395400000,112819,0,0,0,390702190,78110000,0,0,0,0,78100000,0,0,0,0,26,0,0,0,0,72,0,0,0,0,
20240626,20240625,,cu2407,,21:03:36,78100000,78580000,0,78460000,78120000,78100000,78210000,0,84080000,73070000,3114,113934,1216643400000,112822,0,0,500,390701150,78110000,0,0,0,0,78100000,0,0,0,0,26,0,0,0,0,119,0,0,0,0,
20240626,20240625,,cu2407,,21:03:37,78110000,78580000,0,78460000,78120000,78100000,78210000,0,84080000,73070000,3141,113934,1227187900000,112810,0,0,0,390699740,78110000,0,0,0,0,78100000,0,0,0,0,12,0,0,0,0,112,0,0,0,0,
20240626,20240625,,cu2407,,21:03:37,78100000,78580000,0,78460000,78120000,78100000,78210000,0,84080000,73070000,3148,113934,1229921450000,112808,0,0,500,390699310,78110000,0,0,0,0,78100000,0,0,0,0,14,0,0,0,0,107,0,0,0,0,
20240626,20240625,,cu2407,,21:03:38,78100000,78580000,0,78460000,78120000,78100000,78210000,0,84080000,73070000,3149,113934,1230311950000,112807,0,0,0,390699250,78110000,0,0,0,0,78100000,0,0,0,0,2,0,0,0,0,106,0,0,0,0,
20240626,20240625,,cu2407,,21:03:38,78100000,78580000,0,78460000,78120000,78100000,78210000,0,84080000,73070000,3163,113934,1235778950000,112797,0,0,500,390698370,78110000,0,0,0,0,78100000,0,0,0,0,2,0,0,0,0,92,0,0,0,0,
20240626,20240625,,cu2407,,21:03:39,78100000,78580000,0,78460000,78120000,78100000,78210000,0,84080000,73070000,3166,113934,1236950450000,112797,0,0,0,390698180,78110000,0,0,0,0,78100000,0,0,0,0,2,0,0,0,0,88,0,0,0,0,
20240626,20240625,,cu2407,,21:03:39,78100000,78580000,0,78460000,78120000,78100000,78210000,0,84080000,73070000,3170,113934,1238512450000,112801,0,0,500,390697930,78110000,0,0,0,0,78100000,0,0,0,0,3,0,0,0,0,84,0,0,0,0,
20240626,20240625,,cu2407,,21:03:40,78100000,78580000,0,78460000,78120000,78100000,78210000,0,84080000,73070000,3175,113934,1240464950000,112806,0,0,0,390697620,78110000,0,0,0,0,78100000,0,0,0,0,3,0,0,0,0,79,0,0,0,0,
20240626,20240625,,cu2407,,21:03:41,78100000,78580000,0,78460000,78120000,78100000,78210000,0,84080000,73070000,3180,113934,1242417450000,112810,0,0,0,390697310,78110000,0,0,0,0,78100000,0,0,0,0,3,0,0,0,0,74,0,0,0,0,
20240626,20240625,,cu2407,,21:03:41,78110000,78580000,0,78460000,78120000,78100000,78210000,0,84080000,73070000,3183,113934,1243589000000,112810,0,0,500,390697140,78110000,0,0,0,0,78100000,0,0,0,0,12,0,0,0,0,72,0,0,0,0,
20240626,20240625,,cu2407,,21:03:42,78100000,78580000,0,78460000,78120000,78100000,78210000,0,84080000,73070000,3190,113934,1246322500000,112817,0,0,0,390696700,78110000,0,0,0,0,78100000,0,0,0,0,3,0,0,0,0,65,0,0,0,0,
20240626,20240625,,cu2407,,21:03:42,78100000,78580000,0,78460000,78120000,78100000,78210000,0,84080000,73070000,3195,113934,1248275000000,112816,0,0,500,390696400,78110000,0,0,0,0,78100000,0,0,0,0,13,0,0,0,0,60,0,0,0,0,
20240626,20240625,,cu2407,,21:03:43,78100000,78580000,0,78460000,78120000,78100000,78210000,0,84080000,73070000,3240,113934,1265847500000,112788,0,0,0,390693670,78110000,0,0,0,0,78100000,0,0,0,0,46,0,0,0,0,15,0,0,0,0,
20240626,20240625,,cu2407,,21:03:43,78100000,78580000,0,78460000,78120000,78100000,78210000,0,84080000,73070000,3251,113934,1270143000000,112783,0,0,500,390693010,78110000,0,0,0,0,78100000,0,0,0,0,3,0,0,0,0,4,0,0,0,0,
20240626,20240625,,cu2407,,21:03:44,78100000,78580000,0,78460000,78120000,78100000,78210000,0,84080000,73070000,3253,113934,1270924000000,112781,0,0,0,390692890,78110000,0,0,0,0,78100000,0,0,0,0,4,0,0,0,0,2,0,0,0,0,
20240626,20240625,,cu2407,,21:03:44,78100000,78580000,0,78460000,78120000,78100000,78210000,0,84080000,73070000,3255,113934,1271705000000,112780,0,0,500,390692780,78100000,0,0,0,0,78090000,0,0,0,0,10,0,0,0,0,3,0,0,0,0,
20240626,20240625,,cu2407,,21:03:45,78100000,78580000,0,78460000,78120000,78100000,78210000,0,84080000,73070000,3255,113934,1271705000000,112780,0,0,0,390692780,78100000,0,0,0,0,78090000,0,0,0,0,11,0,0,0,0,5,0,0,0,0,
20240626,20240625,,cu2407,,21:03:45,78100000,78580000,0,78460000,78120000,78100000,78210000,0,84080000,73070000,3255,113934,1271705000000,112780,0,0,500,390692780,78100000,0,0,0,0,78090000,0,0,0,0,11,0,0,0,0,5,0,0,0,0,
20240626,20240625,,cu2407,,21:03:46,78100000,78580000,0,78460000,78120000,78100000,78210000,0,84080000,73070000,3259,113934,1273267000000,112781,0,0,0,390692540,78100000,0,0,0,0,78090000,0,0,0,0,8,0,0,0,0,6,0,0,0,0,
20240626,20240625,,cu2407,,21:03:46,78100000,78580000,0,78460000,78120000,78100000,78210000,0,84080000,73070000,3270,113934,1277562500000,112780,0,0,500,390691890,78110000,0,0,0,0,78100000,0,0,0,0,4,0,0,0,0,12,0,0,0,0,
20240626,20240625,,cu2407,,21:03:47,78110000,78580000,0,78460000,78120000,78100000,78210000,0,84080000,73070000,3274,113934,1279124700000,112779,0,0,0,390691720,78130000,0,0,0,0,78110000,0,0,0,0,1,0,0,0,0,3,0,0,0,0,
20240626,20240625,,cu2407,,21:03:47,78110000,78580000,0,78460000,78120000,78100000,78210000,0,84080000,73070000,3274,113934,1279124700000,112779,0,0,500,390691720,78120000,0,0,0,0,78110000,0,0,0,0,9,0,0,0,0,2,0,0,0,0,
20240626,20240625,,cu2407,,21:03:48,78100000,78580000,0,78460000,78120000,78100000,78210000,0,84080000,73070000,3277,113934,1280296250000,112777,0,0,0,390691560,78120000,0,0,0,0,78100000,0,0,0,0,10,0,0,0,0,2,0,0,0,0,
20240626,20240625,,cu2407,,21:03:48,78100000,78580000,0,78460000,78120000,78100000,78210000,0,84080000,73070000,3277,113934,1280296250000,112777,0,0,500,390691560,78120000,0,0,0,0,78110000,0,0,0,0,10,0,0,0,0,3,0,0,0,0,
20240626,20240625,,cu2407,,21:03:49,78110000,78580000,0,78460000,78120000,78100000,78210000,0,84080000,73070000,3280,113934,1281467900000,112774,0,0,0,390691430,78120000,0,0,0,0,78100000,0,0,0,0,10,0,0,0,0,2,0,0,0,0,
20240626,20240625,,cu2407,,21:03:49,78140000,78580000,0,78460000,78120000,78100000,78210000,0,84080000,73070000,3300,113934,1289280600000,112764,0,0,500,390691090,78140000,0,0,0,0,78120000,0,0,0,0,2,0,0,0,0,5,0,0,0,0,
20240626,20240625,,cu2407,,21:03:50,78140000,78580000,0,78460000,78120000,78100000,78210000,0,84080000,73070000,3300,113934,1289280600000,112764,0,0,0,390691090,78130000,0,0,0,0,78120000,0,0,0,0,11,0,0,0,0,1,0,0,0,0,
20240626,20240625,,cu2407,,21:03:50,78120000,78580000,0,78460000,78120000,78100000,78210000,0,84080000,73070000,3301,113934,1289671200000,112763,0,0,500,390691060,78120000,0,0,0,0,78110000,0,0,0,0,2,0,0,0,0,5,0,0,0,0,
20240626,20240625,,cu2407,,21:03:51,78120000,78580000,0,78460000,78120000,78100000,78210000,0,84080000,73070000,3301,113934,1289671200000,112763,0,0,0,390691060,78120000,0,0,0,0,78110000,0,0,0,0,1,0,0,0,0,5,0,0,0,0,
20240626,20240625,,cu2407,,21:03:51,78120000,78580000,0,78460000,78120000,78100000,78210000,0,84080000,73070000,3301,113934,1289671200000,112763,0,0,500,390691060,78110000,0,0,0,0,78100000,0,0,0,0,5,0,0,0,0,11,0,0,0,0,
20240626,20240625,,cu2407,,21:03:52,78100000,78580000,0,78460000,78120000,78100000,78210000,0,84080000,73070000,3306,113934,1291623700000,112763,0,0,0,390690770,78110000,0,0,0,0,78100000,0,0,0,0,6,0,0,0,0,7,0,0,0,0,
20240626,20240625,,cu2407,,21:03:52,78100000,78580000,0,78460000,78120000,78100000,78210000,0,84080000,73070000,3306,113934,1291623700000,112763,0,0,500,390690770,78110000,0,0,0,0,78100000,0,0,0,0,11,0,0,0,0,6,0,0,0,0,
20240626,20240625,,cu2407,,21:03:53,78100000,78580000,0,78460000,78120000,78100000,78210000,0,84080000,73070000,3306,113934,1291623700000,112763,0,0,0,390690770,78110000,0,0,0,0,78100000,0,0,0,0,11,0,0,0,0,7,0,0,0,0,
20240626,20240625,,cu2407,,21:03:53,78100000,78580000,0,78460000,78120000,78100000,78210000,0,84080000,73070000,3306,113934,1291623700000,112763,0,0,500,390690770,78110000,0,0,0,0,78100000,0,0,0,0,2,0,0,0,0,7,0,0,0,0,
20240626,20240625,,cu2407,,21:03:54,78100000,78580000,0,78460000,78120000,78100000,78210000,0,84080000,73070000,3307,113934,1292014200000,112763,0,0,0,390690710,78110000,0,0,0,0,78100000,0,0,0,0,1,0,0,0,0,11,0,0,0,0,
20240626,20240625,,cu2407,,21:03:54,78110000,78580000,0,78460000,78120000,78100000,78210000,0,84080000,73070000,3308,113934,1292404750000,112763,0,0,500,390690670,78120000,0,0,0,0,78100000,0,0,0,0,2,0,0,0,0,6,0,0,0,0,
20240626,20240625,,cu2407,,21:03:55,78100000,78580000,0,78460000,78120000,78100000,78210000,0,84080000,73070000,3313,113934,1294357250000,112759,0,0,0,390690380,78100000,0,0,0,0,78090000,0,0,0,0,4,0,0,0,0,10,0,0,0,0,
20240626,20240625,,cu2407,,21:03:55,78090000,78580000,0,78460000,78120000,78090000,78210000,0,84080000,73070000,3317,113934,1295919050000,112755,0,0,500,390690090,78110000,0,0,0,0,78090000,0,0,0,0,1,0,0,0,0,4,0,0,0,0,
20240626,20240625,,cu2407,,21:03:56,78110000,78580000,0,78460000,78120000,78090000,78210000,0,84080000,73070000,3321,113934,1297481000000,112753,0,0,0,390689850,78110000,0,0,0,0,78100000,0,0,0,0,17,0,0,0,0,1,0,0,0,0,
20240626,20240625,,cu2407,,21:03:56,78100000,78580000,0,78460000,78120000,78090000,78210000,0,84080000,73070000,3322,113934,1297871500000,112753,0,0,500,390689790,78100000,0,0,0,0,78080000,0,0,0,0,3,0,0,0,0,102,0,0,0,0,
20240626,20240625,,cu2407,,21:03:57,78100000,78580000,0,78460000,78120000,78090000,78210000,0,84080000,73070000,3322,113934,1297871500000,112753,0,0,0,390689790,78110000,0,0,0,0,78090000,0,0,0,0,1,0,0,0,0,4,0,0,0,0,
